@article{Jensen2012HabitatPlanning,
    title = {{'Habitat' Suitability Index Mapping for Industrial Symbiosis Planning}},
    year = {2012},
    journal = {Journal of Industrial Ecology},
    author = {Jensen, P D and Basson, L and Hellawell, E E and Leach, M},
    number = {1},
    pages = {38--50},
    volume = {16},
    url = {https://www.scopus.com/inward/record.uri?eid=2-s2.0-84858622178&doi=10.1111%2fj.1530-9290.2011.00438.x&partnerID=40&md5=d2f4c1becb627b7e873505d6036b69c4},
    doi = {10.1111/j.1530-9290.2011.00438.x}
}

@misc{Hulme20161.5Agreement,
    title = {{1.5 {${}^\circ$}C and climate research after the Paris Agreement}},
    year = {2016},
    booktitle = {Nature Climate Change},
    author = {Hulme, Mike},
    number = {3},
    month = {3},
    pages = {222--224},
    volume = {6},
    publisher = {Nature Publishing Group},
    doi = {10.1038/nclimate2939},
    issn = {17586798}
}

@article{Tschakert20151.5CPeru,
    title = {{1.5{${}^\circ$}C or 2{${}^\circ$}C: a conduit’s view from the science-policy interface at COP20 in Lima, Peru}},
    year = {2015},
    journal = {Climate Change Responses},
    author = {Tschakert, Petra},
    number = {1},
    month = {12},
    volume = {2},
    publisher = {Springer Science and Business Media LLC},
    doi = {10.1186/s40665-015-0010-z},
    issn = {2053-7565}
}

@misc{FriendsoftheEarth20192050Phase-out,
    title = {{2050 climate target must be matched with faster fossil fuel phase-out}},
    year = {2019},
    booktitle = {foeeurope.org},
    author = {{Friends of the Earth}},
    url = {https://www.foeeurope.org/2050-climate-target-faster-fossil-fuel-phase-out-121219}
}

@misc{Fogg2009ADesign,
    title = {{A behavior model for persuasive design}},
    year = {2009},
    booktitle = {Proceedings of the 4th International Conference on Persuasive Technology},
    author = {Fogg, B J},
    pages = {1--7},
    publisher = {ACM},
    address = {Claremont, California, USA},
    doi = {10.1145/1541948.1541999}
}

@techreport{Verheggen2015ASector,
    title = {{A bottom-up analysis of household energy consumption in Amsterdam Resolving policy barriers in the residential building sector}},
    year = {2015},
    author = {Verheggen, Bart}
}

@article{Buchanan2006AMaking,
    title = {{A Brief History of Decision Making}},
    year = {2006},
    journal = {Harvard Business Review},
    author = {Buchanan, Leigh and O'Connell., Andrew},
    number = {Organizational Culture},
    url = {http://www.samuellearning.org/decisionmaking/handout1.pdf}
}

@article{Baron2018APolicy,
    title = {{A Brief History of Evidence-Based Policy}},
    year = {2018},
    journal = {Annals of the American Academy of Political and Social Science},
    author = {Baron, Jon},
    number = {1},
    volume = {678},
    doi = {10.1177/0002716218763128},
    issn = {15523349}
}

@article{Scholze2006AEcosystems,
    title = {{A climate-change risk analysis for world ecosystems}},
    year = {2006},
    journal = {Proceedings of the National Academy of Sciences of the United States of America},
    author = {Scholze, Marko and Knorr, Wolfgang and Arnell, Nigel W. and Prentice, I. Colin},
    number = {35},
    month = {8},
    pages = {13116--13120},
    volume = {103},
    doi = {10.1073/pnas.0601816103},
    issn = {00278424},
    keywords = {Climate change impacts, Dangerous climate change, Ecosystem modeling, Ecosystem vulnerability}
}

@article{Scholze2006AEcosystemsb,
    title = {{A climate-change risk analysis for world ecosystems}},
    year = {2006},
    journal = {Proceedings of the National Academy of Sciences of the United States of America},
    author = {Scholze, Marko and Knorr, Wolfgang and Arnell, Nigel W. and Prentice, I. Colin},
    number = {35},
    month = {8},
    pages = {13116--13120},
    volume = {103},
    doi = {10.1073/pnas.0601816103},
    issn = {00278424},
    keywords = {Climate change impacts, Dangerous climate change, Ecosystem modeling, Ecosystem vulnerability}
}

@article{Niemierko2019AData,
    title = {{A D-vine copula quantile regression approach for the prediction of residential heating energy consumption based on historical data}},
    year = {2019},
    journal = {Applied Energy},
    author = {Niemierko, R. and T{\"{o}}ppel, J. and Tr{\"{a}}nkler, T.},
    pages = {691--708},
    volume = {233-234},
    doi = {10.1016/j.apenergy.2018.10.025}
}

@article{Niemierko2019ADatab,
    title = {{A D-vine copula quantile regression approach for the prediction of residential heating energy consumption based on historical data}},
    year = {2019},
    journal = {Applied Energy},
    author = {Niemierko, Rochus and T{\"{o}}ppel, Jannick and Tr{\"{a}}nkler, Timm},
    month = {1},
    pages = {691--708},
    volume = {233-234},
    publisher = {Elsevier Ltd},
    doi = {10.1016/j.apenergy.2018.10.025},
    issn = {03062619},
    keywords = {D-vine copula, Data-driven heating energy analysis, Energetic retrofitting, Performance gap, Quantile regression, Rebound effect}
}

@article{Diran2020ARe-Design,
    title = {{A Data Ecosystem for Data-Driven Thermal Energy Transition: Reflection on Current Practice and Suggestions for Re-Design}},
    year = {2020},
    journal = {Energies},
    author = {Diran, Devin and Hoppe, Thomas and Ubacht, Jolien and Slob, Adriaan and Blok, Kornelis},
    number = {2},
    month = {1},
    pages = {444},
    volume = {13},
    url = {https://www.mdpi.com/1996-1073/13/2/444},
    doi = {10.3390/en13020444},
    issn = {1996-1073}
}

@article{Bai2018AStudy,
    title = {{A data quality framework, method and tools for managing data quality in a health care setting: an action case study}},
    year = {2018},
    journal = {Journal of Decision Systems},
    author = {Bai, Lu and Meredith, Rob and Burstein, Frada},
    number = {sup1},
    month = {5},
    pages = {144--154},
    volume = {27},
    url = {https://www.tandfonline.com/doi/full/10.1080/12460125.2018.1460161},
    doi = {10.1080/12460125.2018.1460161},
    issn = {1246-0125}
}

@article{Kontokosta2017ABuildings,
    title = {{A data-driven predictive model of city-scale energy use in buildings}},
    year = {2017},
    journal = {Applied Energy},
    author = {Kontokosta, C.E. and Tull, C.},
    pages = {303--317},
    volume = {197},
    doi = {10.1016/j.apenergy.2017.04.005}
}

@article{Kontokosta2017ABuildingsb,
    title = {{A data-driven predictive model of city-scale energy use in buildings}},
    year = {2017},
    journal = {Applied Energy},
    author = {Kontokosta, Constantine E. and Tull, Christopher},
    pages = {303--317},
    volume = {197},
    publisher = {Elsevier Ltd},
    doi = {10.1016/j.apenergy.2017.04.005},
    issn = {03062619},
    keywords = {Building energy, Energy efficiency, Energy prediction, Machine learning, Urban dynamics}
}

@article{Singhal2019AResources,
    title = {{A Data-Driven Reserve Response Set Policy for Power Systems With Stochastic Resources}},
    year = {2019},
    journal = {IEEE Transactions on Sustainable Energy},
    author = {Singhal, N.G. and Li, N. and Hedman, K.W.},
    number = {2},
    pages = {693--705},
    volume = {10},
    doi = {10.1109/TSTE.2018.2845895}
}

@article{Singhal2019AResourcesb,
    title = {{A Data-Driven Reserve Response Set Policy for Power Systems With Stochastic Resources}},
    year = {2019},
    journal = {IEEE Transactions on Sustainable Energy},
    author = {Singhal, Nikita G. and Li, Nan and Hedman, Kory W.},
    number = {2},
    month = {4},
    pages = {693--705},
    volume = {10},
    publisher = {Institute of Electrical and Electronics Engineers Inc.},
    doi = {10.1109/TSTE.2018.2845895},
    issn = {19493029},
    keywords = {Ancillary service, data-mining, electricity market design, reserve policies, scheduling models, uncertainty}
}

@article{Pevec2018AInfrastructure,
    title = {{A data-driven statistical approach for extending electric vehicle charging infrastructure}},
    year = {2018},
    journal = {International Journal of Energy Research},
    author = {Pevec, D. and Babic, J. and Kayser, M.A. and Carvalho, A. and Ghiassi-Farrokhfal, Y. and Podobnik, V.},
    number = {9},
    pages = {3102--3120},
    volume = {42},
    doi = {10.1002/er.3978}
}

@inproceedings{Pevec2018AInfrastructureb,
    title = {{A data-driven statistical approach for extending electric vehicle charging infrastructure}},
    year = {2018},
    booktitle = {International Journal of Energy Research},
    author = {Pevec, Dario and Babic, Jurica and Kayser, Martin A. and Carvalho, Arthur and Ghiassi-Farrokhfal, Yashar and Podobnik, Vedran},
    number = {9},
    month = {7},
    pages = {3102--3120},
    volume = {42},
    publisher = {John Wiley and Sons Ltd},
    doi = {10.1002/er.3978},
    issn = {1099114X},
    keywords = {charging infrastructure, data science, electric vehicles, energy informatics, green transportation}
}

@article{Farshidi2018ASelection,
    title = {{A decision support system for software technology selection}},
    year = {2018},
    journal = {Journal of Decision Systems},
    author = {Farshidi, Siamak and Jansen, Slinger and de Jong, Rolf and Brinkkemper, Sjaak},
    month = {5},
    pages = {98--110},
    volume = {27},
    publisher = {Taylor and Francis Ltd.},
    doi = {10.1080/12460125.2018.1464821},
    issn = {21167052},
    keywords = {Multi-criteria decision-making, database management system, decision support system, technology selection}
}

@article{Geerts2011AResearch,
    title = {{A design science research methodology and its application to accounting information systems research}},
    year = {2011},
    journal = {International Journal of Accounting Information Systems},
    author = {Geerts, Guido L.},
    number = {2},
    month = {6},
    pages = {142--151},
    volume = {12},
    publisher = {Pergamon},
    url = {https://www.sciencedirect.com/science/article/pii/S1467089511000200},
    doi = {10.1016/J.ACCINF.2011.02.004},
    issn = {1467-0895}
}

@article{Peffers2007AResearch,
    title = {{A design science research methodology for information systems research}},
    year = {2007},
    journal = {Journal of Management Information Systems},
    author = {Peffers, Ken and Tuunanen, Tuure and Rothenberger, Marcus A. and Chatterjee, Samir},
    number = {3},
    month = {12},
    pages = {45--77},
    volume = {24},
    doi = {10.2753/MIS0742-1222240302},
    issn = {07421222},
    keywords = {Case study, Design science, Design science research, Design theory, Mental model, Methodology, Process model}
}

@inproceedings{Ghandar2019ACities,
    title = {{A Dynamic Data Driven Application System to Manage Urban Agricultural Ecosystems in Smart Cities}},
    year = {2019},
    booktitle = {4th IEEE International Conference on Universal Village 2018, UV 2018},
    author = {Ghandar, A. and Theodoropoulos, G. and Zheng, B. and Chen, S. and Gong, Y. and Zhong, M.},
    pages = {},
    isbn = {9781538651971},
    doi = {10.1109/UV.2018.8642114}
}

@inproceedings{Ghandar2019ACitiesb,
    title = {{A Dynamic Data Driven Application System to Manage Urban Agricultural Ecosystems in Smart Cities}},
    year = {2019},
    booktitle = {4th IEEE International Conference on Universal Village 2018, UV 2018},
    author = {Ghandar, Adam and Theodoropoulos, Georgios and Zheng, Bowen and Chen, Shijie and Gong, Yue and Zhong, Miner},
    month = {2},
    publisher = {Institute of Electrical and Electronics Engineers Inc.},
    isbn = {9781538651971},
    doi = {10.1109/UV.2018.8642114},
    keywords = {Agent Based Models, Simulation, Supply Chain, Urban Agriculture, Vertical Farming}
}

@article{Horvath2016ADevelopment,
    title = {{A framework for an industrial ecological decision support system to foster partnerships between businesses and governments for sustainable development}},
    year = {2016},
    journal = {Journal of Cleaner Production},
    author = {Horv{\'{a}}th, G Á and Harazin, P},
    pages = {214--223},
    volume = {114},
    url = {https://www.scopus.com/inward/record.uri?eid=2-s2.0-84930036672&doi=10.1016%2fj.jclepro.2015.05.018&partnerID=40&md5=4e37659a28ae4dc82e7b37be39c6b431},
    doi = {10.1016/j.jclepro.2015.05.018}
}

@techreport{Sprague1980ASystems,
    title = {{A Framework for the Development of Decision Support Systems}},
    year = {1980},
    booktitle = {Source: MIS Quarterly},
    author = {Sprague, Ralph H},
    number = {4},
    pages = {1--26},
    volume = {4}
}

@article{SpragueJr1980ASystems,
    title = {{A framework for the development of decision support systems}},
    year = {1980},
    journal = {MIS quarterly},
    author = {Sprague Jr, Ralph H},
    pages = {1--26},
    publisher = {JSTOR},
    issn = {0276-7783}
}

@article{Davis1991ATechnique,
    title = {{A gait analysis data collection and reduction technique}},
    year = {1991},
    journal = {Human Movement Science},
    author = {Davis, Roy B. and Õunpuu, Sylvia and Tyburski, Dennis and Gage, James R.},
    number = {5},
    pages = {575--587},
    volume = {10},
    doi = {10.1016/0167-9457(91)90046-Z},
    issn = {01679457}
}

@article{Bie2019AMaterials,
    title = {{A novel empirical heat transfer model for a solar thermal storage process using phase change materials}},
    year = {2019},
    journal = {Energy},
    author = {Bie, Yu and Li, Ming and Chen, Fei and Kr{\'{o}}lczyk, Grzegorz and Yang, Lin and Li, Zhixiong and Li, Weihua},
    month = {2},
    pages = {222--234},
    volume = {168},
    publisher = {Pergamon},
    url = {https://www.sciencedirect.com/science/article/abs/pii/S0360544218323181},
    doi = {10.1016/J.ENERGY.2018.11.107},
    issn = {0360-5442}
}

@article{Mandinach2012APractice,
    title = {{A Perfect Time for Data Use: Using Data-Driven Decision Making to Inform Practice}},
    year = {2012},
    journal = {Educational Psychologist},
    author = {Mandinach, Ellen B.},
    number = {2},
    month = {4},
    pages = {71--85},
    volume = {47},
    url = {https://www.tandfonline.com/doi/full/10.1080/00461520.2012.667064},
    doi = {10.1080/00461520.2012.667064},
    issn = {0046-1520}
}

@article{Gacenga2012AResearch,
    title = {{A proposal and evaluation of a design method in design science research}},
    year = {2012},
    journal = {Electronic Journal of Business Research Methods},
    author = {Gacenga, Francis and Cater-Steel, Aileen and Toleman, Mark and Tan, Wui-Gee},
    number = {2},
    pages = {100},
    volume = {10},
    url = {https://eprints.usq.edu.au/22835/},
    issn = {1477-7029},
    keywords = {Westminster Business School{\\\}design science research; IT service management; performance measurement framework; mixed methods research; matching}
}

@article{Zhang2015AMethodology,
    title = {{A review of industrial symbiosis research: theory and methodology}},
    year = {2015},
    journal = {Frontiers of Earth Science},
    author = {Zhang, Yan and Zheng, Hongmei and Chen, Bin and Su, Meirong and Liu, Gengyuan},
    number = {1},
    pages = {91--104},
    volume = {9},
    url = {https://doi.org/10.1007/s11707-014-0445-8},
    doi = {10.1007/s11707-014-0445-8},
    issn = {2095-0209}
}

@misc{vandenEnde2017AClimate,
    title = {{A revolution: The Netherlands kisses gas goodbye – but will it help the climate?}},
    year = {2017},
    booktitle = {energypost.eu},
    author = {van den Ende, Eline},
    url = {https://energypost.eu/a-revolution-the-netherlands-kisses-gas-goodbye-but-will-it-help-the-climate/}
}

@article{Price2005AAnalysis,
    title = {{A semiotic information quality framework: Development and comparative analysis}},
    year = {2005},
    journal = {Journal of Information Technology},
    author = {Price, Rosanne and Shanks, Graeme},
    number = {2},
    month = {6},
    pages = {88--102},
    volume = {20},
    doi = {10.1057/palgrave.jit.2000038},
    issn = {02683962},
    keywords = {Data quality, Decision support, Information quality, Semiotics}
}

@article{Wang2020ASources,
    title = {{A spatially explicit planning approach for power systems with a high share of renewable energy sources}},
    year = {2020},
    journal = {Applied Energy},
    author = {Wang, N. and Verzijlbergh, R.A. and Heijnen, P.W. and Herder, P.M.},
    pages = {},
    volume = {260},
    doi = {10.1016/j.apenergy.2019.114233}
}

@article{Wang2020ASourcesb,
    title = {{A spatially explicit planning approach for power systems with a high share of renewable energy sources}},
    year = {2020},
    journal = {Applied Energy},
    author = {Wang, Ni and Verzijlbergh, Remco A. and Heijnen, Petra W. and Herder, Paulien M.},
    month = {2},
    volume = {260},
    publisher = {Elsevier Ltd},
    doi = {10.1016/j.apenergy.2019.114233},
    issn = {03062619},
    keywords = {Generation mix, Land-use, Optimization modelling, Spatial planning, VRES potential, Variable Renewable Energy Sources (VRES)}
}

@article{Bacon2001ASystems,
    title = {{A Systemic Framework for the Field of Information Systems}},
    year = {2001},
    journal = {Data Base for Advances in Information Systems},
    author = {Bacon, C. James and Fitzgerald, Brian},
    number = {2},
    month = {4},
    pages = {46--67},
    volume = {32},
    url = {http://portal.acm.org/citation.cfm?doid=506732.506738},
    doi = {10.1145/506732.506738},
    issn = {00950033},
    keywords = {Delphi survey, IS framework, IS taxonomy}
}

@article{Levy2006AResearch,
    title = {{A Systems Approach to Conduct an Effective Literature Review in Support of Information Systems Research}},
    year = {2006},
    journal = {Informing Science},
    author = {Levy, Yair and Ellis, Timothy},
    volume = {9},
    url = {https://www.researchgate.net/publication/228666286},
    doi = {10.28945/479}
}

@misc{ZoetermeerMunicipality2019AardgasvrijWonen,
    title = {{Aardgasvrij wonen}},
    year = {2019},
    booktitle = {Gemeente Zoetermeer},
    author = {{Zoetermeer Municipality}},
    url = {https://www.zoetermeer.nl/inwoners/aardgasvrij-zoetermeer_48080/item/aardgasvrij-wonen_107422.html}
}

@article{Hesselink2019AdoptionStudies,
    title = {{Adoption of energy efficient technologies by households – Barriers, policies and agent-based modelling studies}},
    year = {2019},
    journal = {Renewable and Sustainable Energy Reviews},
    author = {Hesselink, Laurens X.W. and Chappin, Emile J.L.},
    month = {1},
    pages = {29--41},
    volume = {99},
    publisher = {Elsevier Ltd},
    doi = {10.1016/j.rser.2018.09.031},
    issn = {18790690},
    keywords = {Adoption barriers, Agent-based models, Energy efficiency policy, Energy efficient technology, Literature review}
}

@article{Lee2016AdoptionSearch-queries,
    title = {{Adoption of green electricity policies: Investigating the role of environmental attitudes via big data-driven search-queries}},
    year = {2016},
    journal = {Energy Policy},
    author = {Lee, D. and Kim, M. and Lee, J.},
    pages = {187--201},
    volume = {90},
    doi = {10.1016/j.enpol.2015.12.021}
}

@article{Lee2016AdoptionSearch-queriesb,
    title = {{Adoption of green electricity policies: Investigating the role of environmental attitudes via big data-driven search-queries}},
    year = {2016},
    journal = {Energy Policy},
    author = {Lee, Donghyun and Kim, Minki and Lee, Jungyoun},
    month = {3},
    pages = {187--201},
    volume = {90},
    publisher = {Elsevier Ltd},
    doi = {10.1016/j.enpol.2015.12.021},
    issn = {03014215},
    keywords = {Accelerated failure time model, Citizens' environmental attitude, Google search-query, Green electricity policy}
}

@article{Cheng2010AdvancedBarriers,
    title = {{Advanced Biofuel Technologies: Status and Barriers}},
    year = {2010},
    journal = {The World Bank, Policy Research Working Paper Series},
    author = {Cheng, Jay and Timilsina, Govinda}
}

@article{Sanna2014AdvancedEurope,
    title = {{Advanced Biofuels from Thermochemical Processing of Sustainable Biomass in Europe}},
    year = {2014},
    journal = {BioEnergy Research},
    author = {Sanna, Aimaro},
    number = {1},
    pages = {36--47},
    volume = {7},
    url = {https://doi.org/10.1007/s12155-013-9378-4},
    doi = {10.1007/s12155-013-9378-4},
    issn = {1939-1242}
}

@article{Michalopoulos2018AdvancedWarns,
    title = {{Advanced biofuels ‘not yet viable’, industry study warns}},
    year = {2018},
    journal = {EURACTIV.com Ltd.},
    author = {Michalopoulos, Sarantis},
    edition = {Mar 2, 2018},
    url = {https://www.euractiv.com/section/agriculture-food/news/advanced-biofuels-cannot-yet-stand-on-its-own-two-legs-industry-study-says/}
}

@incollection{Tyner2014AdvancedImpacts,
    title = {{Advanced Biofuels: Economic Uncertainties, Policy Options, and Land Use Impacts}},
    year = {2014},
    booktitle = {Plants and BioEnergy},
    author = {Tyner, Wallace E and Taheripour, Farzad},
    editor = {McCann, Maureen C and Buckeridge, Marcos S and Carpita, Nicholas C},
    pages = {35--48},
    publisher = {Springer New York},
    url = {https://doi.org/10.1007/978-1-4614-9329-7_3},
    address = {New York, NY},
    isbn = {978-1-4614-9329-7},
    doi = {10.1007/978-1-4614-9329-7{\_}3}
}

@book{VanDam2013Agent-BasedSystems,
    title = {{Agent-Based Modelling of Socio-Technical Systems}},
    year = {2013},
    author = {Van Dam, Koen and Nikolic, Igor and Lukszo, Z},
    publisher = {Springer},
    url = {https://www.researchgate.net/publication/234114936_Agent-Based_Modelling_of_Socio-Technical_Systems},
    address = {Delft},
    isbn = {9400749325},
    doi = {10.1007/978-94-007-4933-7}
}

@book{Larman2004AgileLivros,
    title = {{Agile and iterative development: a ... - Google Livros}},
    year = {2004},
    author = {Larman, Craig},
    pages = {342},
    publisher = {Addison-Wesley},
    url = {http://books.google.com/books?id=e4FrAFn0ytIC&pgis=1},
    address = {Boston, MA},
    isbn = {0131111558},
    keywords = {Agile Development, iterative development}
}

@article{Lee2002AIMQ:Assessment,
    title = {{AIMQ: A methodology for information quality assessment}},
    year = {2002},
    journal = {Information and Management},
    author = {Lee, Yang W. and Strong, Diane M. and Kahn, Beverly K. and Wang, Richard Y.},
    number = {2},
    month = {12},
    pages = {133--146},
    volume = {40},
    doi = {10.1016/S0378-7206(02)00043-5},
    issn = {03787206},
    keywords = {Information quality, Information quality analysis, Information quality assessment, Information quality benchmarking, Information quality improvement, Total Data Quality Management (TDQM)}
}

@article{Johannesson2014AnScience,
    title = {{An Introduction to Design Science}},
    year = {2014},
    journal = {Springer Science + Business Media B.V.},
    author = {Johannesson, Paul and Perjons, Erik},
    doi = {DOI 10.1007/978-3-319-10632-8},
    issn = {ISBN 978-3-319-10631-1}
}

@misc{Luck2012AnAcceptability,
    title = {{An overview of Total’s activities on alternative energies, advanced biofuels and bioproducts for energy efficiency and environmental acceptability}},
    year = {2012},
    booktitle = {Green Processing and Synthesis},
    author = {Luck, Francis},
    number = {5},
    pages = {409},
    volume = {1},
    url = {https://www.degruyter.com/view/j/gps.2012.1.issue-5/gps-2012-0051/gps-2012-0051.xml},
    isbn = {21919550},
    doi = {10.1515/gps-2012-0051}
}

@article{Kainuma2004AnalysisModel,
    title = {{Analysis of global warming stabilization scenarios: The Asian-Pacific Integrated Model}},
    year = {2004},
    journal = {Energy Economics},
    author = {Kainuma, Mikiko and Matsuoka, Yuzuru and Morita, Tsuneyuki and Masui, Toshihiko and Takahashi, Kiyoshi},
    number = {4},
    month = {7},
    pages = {709--719},
    volume = {26},
    doi = {10.1016/j.eneco.2004.04.028},
    issn = {01409883},
    keywords = {Climate policy, Economic model, Emission trading, Environmental management, Global warming, Impact model, Model application}
}

@article{Bacudio2016AnalyzingDEMA,
    title = {{Analyzing barriers to implementing industrial symbiosis networks using DEMA℡}},
    year = {2016},
    journal = {Sustainable Production and Consumption},
    author = {Bacudio, L R and Benjamin, M F D and Eusebio, R C P and Holaysan, S A K and Promentilla, M A B and Yu, K D S and Aviso, K B},
    pages = {57--65},
    volume = {7},
    url = {https://www.scopus.com/inward/record.uri?eid=2-s2.0-84962464625&doi=10.1016%2fj.spc.2016.03.001&partnerID=40&md5=bd67ca40443e742cd848c53c3fb4ba56},
    doi = {10.1016/j.spc.2016.03.001}
}

@article{Webster2002Analyzing.,
    title = {{Analyzing the past to prepare for the future : Writing a literature review Reproduced with permission of the copyright owner . Further reproduction prohibited without permission .}},
    year = {2002},
    journal = {MIS Quarterly},
    author = {Webster, Jane and Watson, Richard T},
    number = {2},
    pages = {xiii-xxiii},
    volume = {26},
    url = {http://gent.uab.cat/diego_prior/sites/gent.uab.cat.diego_prior/files/mis_quarterley_webster_watson.pdf},
    isbn = {02767783},
    doi = {10.2307/4132319},
    issn = {02767783},
    pmid = {15917194},
    arxivId = {02767783}
}

@article{Fischer2015AnthropogenicExtremes,
    title = {{Anthropogenic contribution to global occurrence of heavy-precipitation and high-temperature extremes}},
    year = {2015},
    journal = {Nature Climate Change},
    author = {Fischer, E. M. and Knutti, R.},
    number = {6},
    month = {6},
    pages = {560--564},
    volume = {5},
    publisher = {Nature Publishing Group},
    doi = {10.1038/nclimate2617},
    issn = {17586798}
}

@book{Yin2011ApplicationsResearch,
    title = {{Applications of case study research}},
    year = {2011},
    author = {Yin, Robert K},
    publisher = {sage},
    isbn = {1452235783}
}

@article{Chase2003ApplyingDietitians,
    title = {{Applying the theory of planned behavior to promotion of whole-grain foods by dietitians}},
    year = {2003},
    journal = {J Am Diet Assoc},
    author = {Chase, K and Reicks, M and Jones, J M},
    edition = {2003/12/04},
    number = {12},
    pages = {1639--1642},
    volume = {103},
    url = {https://www.ncbi.nlm.nih.gov/pubmed/14647092},
    doi = {10.1016/j.jada.2003.09.026},
    issn = {0002-8223 (Print)0002-8223 (Linking)},
    pmid = {14647092},
    keywords = {*Dietetics/education/methods, *Edible Grain/chemistry, *Health Education, *Health Knowledge, Attitudes, Practice, *Health Promotion, Clinical Competence, Data Collection/methods, Feeding Behavior, Food, Organic, Humans, Nutrition Policy, Predictive Value of Tests, Self Efficacy}
}

@misc{Horschig2017AreEvaluation,
    title = {{Are decisions well supported for the energy transition? A review on modeling approaches for renewable energy policy evaluation}},
    year = {2017},
    booktitle = {Energy, Sustainability and Society},
    author = {Horschig, Thomas and Thr{\"{a}}n, Daniela},
    number = {1},
    month = {12},
    volume = {7},
    publisher = {Springer Verlag},
    doi = {10.1186/s13705-017-0107-2},
    issn = {21920567},
    keywords = {Decision support, Policy evaluation, Policy modeling, Renewable energy}
}

@article{HorschigAreSociety,
    title = {{Are decisions well supported for the energy transition? A review on modeling approaches for renewable energy policy evaluation Energy, Sustainability and Society}},
    author = {Horschig, Thomas and Thr{\"{a}}n, Daniela},
    isbn = {1370501701072},
    doi = {10.1186/s13705-017-0107-2},
    keywords = {Decision support, Policy evaluation, Policy modeling, Renewable energy}
}

@inproceedings{Offermann2010ArtifactReview,
    title = {{Artifact types in information systems design science - A literature review}},
    year = {2010},
    booktitle = {Lecture Notes in Computer Science (including subseries Lecture Notes in Artificial Intelligence and Lecture Notes in Bioinformatics)},
    author = {Offermann, Philipp and Blom, Sören and Sch{\"{o}}nherr, Marten and Bub, Udo},
    pages = {77--92},
    volume = {6105 LNCS},
    publisher = {Springer, Berlin, Heidelberg},
    isbn = {3642133347},
    doi = {10.1007/978-3-642-13335-0{\_}6},
    issn = {03029743},
    keywords = {Design science, IT artifact, literature review, research output, typology}
}

@incollection{Easterling2005AssessingIPCC,
    title = {{Assessing the consequences of climate change for food and forest resources: A view from the IPCC}},
    year = {2005},
    booktitle = {Increasing Climate Variability and Change: Reducing the Vulnerability of Agriculture and Forestry},
    author = {Easterling, William and Apps, Michael},
    pages = {165--189},
    publisher = {Springer Netherlands},
    isbn = {1402033540},
    doi = {10.1007/1-4020-4166-7{\_}8}
}

@article{Xu2018AssessingIndustry,
    title = {{Assessing the development of China's new energy industry}},
    year = {2018},
    journal = {Energy Economics},
    author = {Xu, B. and Lin, B.},
    pages = {116--131},
    volume = {70},
    doi = {10.1016/j.eneco.2018.01.001}
}

@article{Xu2018AssessingIndustryb,
    title = {{Assessing the development of China's new energy industry}},
    year = {2018},
    journal = {Energy Economics},
    author = {Xu, Bin and Lin, Boqiang},
    month = {2},
    pages = {116--131},
    volume = {70},
    publisher = {Elsevier B.V.},
    doi = {10.1016/j.eneco.2018.01.001},
    issn = {01409883},
    keywords = {Driving forces, New energy industry, Nonparametric additive regression models}
}

@article{Pavlenko2019Assessing2030,
    title = {{Assessing the potential advanced alternative fuel volumes in Germany in 2030}},
    year = {2019},
    journal = {The International Council on Clean Transportation},
    author = {Pavlenko, Nikita and Searle, Stephanie and Baldino, Chelsea}
}

@article{Sharma2019AssessmentFramework,
    title = {{Assessment and review of maintenance practices in the 4th industrial revolution using the cognitive analytics framework}},
    year = {2019},
    journal = {Journal of Mines, Metals and Fuels},
    author = {Sharma, N.R. and Mishra, A.K. and Agrawal, H.},
    number = {9},
    pages = {416--423},
    volume = {67}
}

@article{Sharma2019AssessmentFrameworkb,
    title = {{Assessment and review of maintenance practices in the 4th industrial revolution using the cognitive analytics framework}},
    year = {2019},
    journal = {Journal of Mines, Metals and Fuels},
    author = {Sharma, Niraj R. and Mishra, A. K. and Agrawal, Hemant},
    number = {9},
    month = {9},
    pages = {416--423},
    volume = {67},
    publisher = {Books and Journals Private Ltd.},
    issn = {00222755},
    keywords = {AI, Breakdown, Cognitive, Equipment, Industrial revolution, Industry 4.0}
}

@book{Kauffman1995AtTrove,
    title = {{At home in the universe : the search for laws of self-organization and complexity / Stuart Kauffman. - Version details - Trove}},
    year = {1995},
    author = {Kauffman, Stuart A},
    pages = {306},
    publisher = {Viking},
    url = {https://trove.nla.gov.au/work/8405515?selectedversion=NBD12438786},
    address = {London},
    isbn = {0670847356}
}

@article{Ajzen2011AttitudesProcesses,
    title = {{Attitudes and the Attitude-Behavior Relation: Reasoned and Automatic Processes}},
    year = {2011},
    journal = {European Review of Social Psychology},
    author = {Ajzen, Icek and Fishbein, Martin},
    chapter = {1},
    number = {1},
    pages = {1--33},
    volume = {11},
    doi = {10.1080/14792779943000116},
    issn = {1046-32831479-277X}
}

@article{Valkila2013AttitudebehaviourAreas,
    title = {{Attitude–behaviour gap in energy issues: Case study of three different Finnish residential areas}},
    year = {2013},
    journal = {Energy for Sustainable Development},
    author = {Valkila, N and Saari, A},
    chapter = {24},
    number = {1},
    pages = {24--34},
    volume = {17},
    doi = {10.1016/j.esd.2012.10.001},
    issn = {09730826}
}

@article{Marshall1989B.1999,
    title = {{B.(1999)}},
    year = {1989},
    journal = {Designing qualitative research},
    author = {Marshall, Catherine and Rossman, Gretchen},
    volume = {3}
}

@article{Boykoff2004BalancePress,
    title = {{Balance as bias: Global warming and the US prestige press}},
    year = {2004},
    journal = {Global Environmental Change},
    author = {Boykoff, Maxwell T. and Boykoff, Jules M.},
    number = {2},
    pages = {125--136},
    volume = {14},
    publisher = {Elsevier Ltd},
    doi = {10.1016/j.gloenvcha.2003.10.001},
    issn = {09593780}
}

@incollection{Gaughan2012BasicChange,
    title = {{Basic principles involved in adaption of livestock to climate change}},
    year = {2012},
    booktitle = {Environmental Stress and Amelioration in Livestock Production},
    author = {Gaughan, John B.},
    month = {8},
    pages = {245--261},
    volume = {9783642292057},
    publisher = {Springer-Verlag Berlin Heidelberg},
    isbn = {9783642292057},
    doi = {10.1007/978-3-642-29205-7{\_}10},
    keywords = {Climate change, Livestock, Thermal adaptation}
}

@article{Mbuwir2017BatteryLearning,
    title = {{Battery energy management in a microgrid using batch reinforcement learning}},
    year = {2017},
    journal = {Energies},
    author = {Mbuwir, B.V. and Ruelens, F. and Spiessens, F. and Deconinck, G.},
    number = {11},
    pages = {},
    volume = {10},
    doi = {10.3390/en10111846}
}

@article{Mbuwir2017BatteryLearningb,
    title = {{Battery energy management in a microgrid using batch reinforcement learning}},
    year = {2017},
    journal = {Energies},
    author = {Mbuwir, Brida V. and Ruelens, Frederik and Spiessens, Fred and Deconinck, Geert},
    number = {11},
    month = {11},
    volume = {10},
    publisher = {MDPI AG},
    doi = {10.3390/en10111846},
    issn = {19961073},
    keywords = {Control policy, Fitted-Q iteration, Microgrids, Reinforcement learning}
}

@article{Sage1984BehavioralSupport,
    title = {{Behavioral and Organizational Considerations in the Design of Information Systems and Processes for Planning and Decision Support}},
    year = {1984},
    journal = {IEEE Transactions on System, Man, and Cybernatics},
    author = {Sage, Andrew P.},
    number = {9},
    volume = {11},
    url = {https://ieeexplore.ieee.org/stamp/stamp.jsp?tp=&arnumber=4308761}
}

@article{Booher-Jennings2005BelowSystem,
    title = {{Below the bubble: "Educational triage" and the Texas accountability system}},
    year = {2005},
    journal = {American Educational Research Journal},
    author = {Booher-Jennings, Jennifer},
    number = {2},
    pages = {231--268},
    volume = {42},
    publisher = {SAGE Publications Inc.},
    doi = {10.3102/00028312042002231},
    issn = {00028312},
    keywords = {Accountability, Data-driven decision making, Testing}
}

@article{DuPont2013BestChina,
    title = {{Best practices for the sustainable production of algae-based biofuel in China}},
    year = {2013},
    journal = {Mitigation and Adaptation Strategies for Global Change},
    author = {DuPont, Andre},
    number = {1},
    pages = {97--111},
    volume = {18},
    url = {https://doi.org/10.1007/s11027-012-9373-7},
    doi = {10.1007/s11027-012-9373-7},
    issn = {1573-1596}
}

@article{Wang1996BeyondConsumers,
    title = {{Beyond accuracy: What data quality means to data consumers}},
    year = {1996},
    journal = {Journal of Management Information Systems},
    author = {Wang, Richard Y.},
    number = {4},
    pages = {5--34},
    volume = {12},
    doi = {10.1080/07421222.1996.11518099},
    issn = {07421222},
    keywords = {Data administration, Data quality, Database systems}
}

@article{Vitousek1994BeyondChange,
    title = {{Beyond Global Warming: Ecology and Global Change}},
    year = {1994},
    journal = {Ecology},
    author = {Vitousek, Peter M.},
    number = {7},
    month = {10},
    pages = {1861--1876},
    volume = {75},
    url = {http://doi.wiley.com/10.2307/1941591},
    doi = {10.2307/1941591},
    issn = {00129658}
}

@inproceedings{Leurs2016BeyondUnit,
    title = {{Beyond theory: Experimental results of a self-learning air conditioning unit}},
    year = {2016},
    booktitle = {2016 IEEE International Energy Conference, ENERGYCON 2016},
    author = {Leurs, T. and Claessens, B.J. and Ruelens, F. and Weckx, S. and Deconinck, G.},
    pages = {},
    isbn = {9781467384636},
    doi = {10.1109/ENERGYCON.2016.7513916}
}

@inproceedings{Leurs2016BeyondUnitb,
    title = {{Beyond theory: Experimental results of a self-learning air conditioning unit}},
    year = {2016},
    booktitle = {2016 IEEE International Energy Conference, ENERGYCON 2016},
    author = {Leurs, Tim and Claessens, Bert J. and Ruelens, Frederik and Weckx, Sam and Deconinck, Geert},
    month = {7},
    publisher = {Institute of Electrical and Electronics Engineers Inc.},
    isbn = {9781467384636},
    doi = {10.1109/ENERGYCON.2016.7513916},
    keywords = {Air conditioning unit, demand response, fitted Q-iteration, reinforcement learning}
}

@article{Zhou2016BigInsights,
    title = {{Big data driven smart energy management: From big data to big insights}},
    year = {2016},
    journal = {Renewable and Sustainable Energy Reviews},
    author = {Zhou, K. and Fu, C. and Yang, S.},
    pages = {215--225},
    volume = {56},
    doi = {10.1016/j.rser.2015.11.050}
}

@misc{Zhou2016BigInsightsb,
    title = {{Big data driven smart energy management: From big data to big insights}},
    year = {2016},
    booktitle = {Renewable and Sustainable Energy Reviews},
    author = {Zhou, Kaile and Fu, Chao and Yang, Shanlin},
    month = {4},
    pages = {215--225},
    volume = {56},
    publisher = {Elsevier Ltd},
    doi = {10.1016/j.rser.2015.11.050},
    issn = {18790690},
    keywords = {Big data analytics, Demand side management (DSM), Energy big data, Smart energy management, Smart grid}
}

@article{Orts2016BiorefineryService,
    title = {{Biorefinery Developments for Advanced Biofuels from a Sustainable Array of Biomass Feedstocks: Survey of Recent Biomass Conversion Research from Agricultural Research Service}},
    year = {2016},
    journal = {BioEnergy Research},
    author = {Orts, W J and McMahan, C M},
    number = {2},
    pages = {430--446},
    volume = {9},
    url = {https://doi.org/10.1007/s12155-016-9732-4},
    doi = {10.1007/s12155-016-9732-4},
    issn = {1939-1242}
}

@article{Sprague1979BitSystems,
    title = {{Bit by Bit: Toward Decision Support Systems}},
    year = {1979},
    journal = {California Management Review},
    author = {Sprague, Ralph H. and Watson, Hugh J.},
    number = {1},
    month = {10},
    pages = {60--68},
    volume = {22},
    url = {http://journals.sagepub.com/doi/10.2307/41164850},
    doi = {10.2307/41164850},
    issn = {0008-1256}
}

@article{Holmstrom2009BridgingApproach,
    title = {{Bridging practice and theory: A design science approach}},
    year = {2009},
    journal = {Decision Sciences},
    author = {Holmstr{\"{o}}m, Jan and Ketokivi, Mikko and Hameri, Ari Pekka},
    number = {1},
    month = {2},
    pages = {65--87},
    volume = {40},
    publisher = {John Wiley {\&} Sons, Ltd},
    url = {http://doi.wiley.com/10.1111/j.1540-5915.2008.00221.x},
    doi = {10.1111/j.1540-5915.2008.00221.x},
    issn = {00117315},
    keywords = {Action research, Design science, Managerial relevance, Methodology, Operations management}
}

@article{Eisenhardt1989BuildingResearch,
    title = {{Building theories from case study research}},
    year = {1989},
    journal = {Academy of management review},
    author = {Eisenhardt, Kathleen M},
    number = {4},
    pages = {532--550},
    volume = {14},
    publisher = {Academy of management Briarcliff Manor, NY 10510},
    issn = {0363-7425}
}

@techreport{Glansen2016BusinessSCS,
    title = {{Business Model Innovation in a Mature Industry: A Case Study at Parker Hannifin SCS}},
    year = {2016},
    author = {Glansen, Elin and Nielsen, Sofie},
    publisher = {Department of Technology Management and Economics Division of Entrepreneurship and Strategy},
    url = {https://pdfs.semanticscholar.org/075d/9378c76b2127cf8270c3d9440c3ddecaddc2.pdf},
    institution = {Chalmers University of Technology},
    address = {G{\"{o}}teborg, Sverige},
    isbn = {E 2016:095}
}

@inproceedings{Kotilainen2019BusinessReview,
    title = {{Business Model Readiness of Start-up Driven Energy Innovations-an Empirical Review}},
    year = {2019},
    booktitle = {International Conference on the European Energy Market, EEM},
    author = {Kotilainen, Kirsi and Saari, Ulla A. and Valta, Jussi and Makinen, Saku J. and Kufeouglu, Sinan},
    month = {9},
    volume = {2019-September},
    publisher = {IEEE Computer Society},
    isbn = {9781728112572},
    doi = {10.1109/EEM.2019.8916541},
    issn = {21654093},
    keywords = {Business model, Energy, Entrepreneurship, Innovation management, Renewable energy sources}
}

@incollection{Iskandarov2014Camelina:Materials,
    title = {{Camelina: An Emerging Oilseed Platform for Advanced Biofuels and Bio-Based Materials}},
    year = {2014},
    booktitle = {Plants and BioEnergy},
    author = {Iskandarov, Umidjon and Kim, Hae Jin and Cahoon, Edgar B},
    editor = {McCann, Maureen C and Buckeridge, Marcos S and Carpita, Nicholas C},
    pages = {131--140},
    publisher = {Springer New York},
    url = {https://doi.org/10.1007/978-1-4614-9329-7_8},
    address = {New York, NY},
    isbn = {978-1-4614-9329-7},
    doi = {10.1007/978-1-4614-9329-7{\_}8}
}

@book{Yin2017CaseMethods,
    title = {{Case study research and applications: Design and methods}},
    year = {2017},
    author = {Yin, Robert K},
    publisher = {Sage publications},
    isbn = {1506336159}
}

@inproceedings{Harrison2017CaseOrientations,
    title = {{Case study research: Foundations and methodological orientations}},
    year = {2017},
    booktitle = {Forum Qualitative Sozialforschung/Forum: Qualitative Social Research},
    author = {Harrison, Helena and Birks, Melanie and Franklin, Richard and Mills, Jane},
    number = {1},
    volume = {18},
    isbn = {1438-5627}
}

@article{Labrinidis2012ChallengesData,
    title = {{Challenges and opportunities with big data}},
    year = {2012},
    journal = {Proceedings of the VLDB Endowment},
    author = {Labrinidis, Alexandros and Jagadish, H. V.},
    number = {12},
    pages = {2032--2033},
    volume = {5},
    publisher = {Association for Computing Machinery},
    doi = {10.14778/2367502.2367572},
    issn = {21508097}
}

@article{Afshari2018ChallengesExchanges,
    title = {{Challenges of value creation in Eco-Industrial Parks (EIPs): A stakeholder perspective for optimizing energy exchanges}},
    year = {2018},
    journal = {Resources, Conservation and Recycling},
    author = {Afshari, H and Farel, R and Peng, Q},
    pages = {315--325},
    volume = {139},
    url = {https://www.scopus.com/inward/record.uri?eid=2-s2.0-85053036430&doi=10.1016%2fj.resconrec.2018.09.002&partnerID=40&md5=ebe6555f60977207a1b1d75bb37085fe},
    doi = {10.1016/j.resconrec.2018.09.002}
}

@article{Kokoulina2019ChampioningSymbiosis,
    title = {{Championing processes and the emergence of industrial symbiosis}},
    year = {2019},
    journal = {Regional Studies},
    author = {Kokoulina, L and Ermolaeva, L and Patala, S and Ritala, P},
    number = {4},
    pages = {528--539},
    volume = {53},
    url = {https://www.scopus.com/inward/record.uri?eid=2-s2.0-85050288948&doi=10.1080%2f00343404.2018.1473568&partnerID=40&md5=ea5284153305962c378df38f4e34c7f9},
    doi = {10.1080/00343404.2018.1473568}
}

@misc{James2014CharacterizingChange,
    title = {{Characterizing loss and damage from climate change}},
    year = {2014},
    booktitle = {Nature Climate Change},
    author = {James, Rachel and Otto, Friederike and Parker, Hannah and Boyd, Emily and Cornforth, Rosalind and Mitchell, Daniel and Allen, Myles},
    number = {11},
    month = {11},
    pages = {938--939},
    volume = {4},
    publisher = {Nature Publishing Group},
    doi = {10.1038/nclimate2411},
    issn = {17586798}
}

@article{Sims2010ChemrecPlant,
    title = {{Chemrec AB opens BioDME pilot plant}},
    year = {2010},
    journal = {Biomass Magazine},
    author = {Sims, Bryan},
    url = {http://biomassmagazine.com/articles/6492/chemrec-ab-opens-biodme-pilot-plant}
}

@article{Godwin2013ClassificationAnalysis,
    title = {{Classification and detection of wind turbine pitch faults through SCADA data analysis}},
    year = {2013},
    journal = {International Journal of Prognostics and Health Management},
    author = {Godwin, J.L. and Matthews, P.},
    number = {SPECIAL IS},
    pages = {},
    volume = {4}
}

@article{Godwin2013ClassificationAnalysisb,
    title = {{Classification and detection of wind turbine pitch faults through SCADA data analysis}},
    year = {2013},
    journal = {International Journal of Prognostics and Health Management},
    author = {Godwin, Jamie L. and Matthews, Peter},
    number = {SPECIAL ISSUE 2},
    volume = {4},
    publisher = {Prognostics and Health Management Society},
    issn = {21532648}
}

@misc{ClimateCouncil2019ClimateAgreement,
    title = {{Climate agreement}},
    year = {2019},
    booktitle = {klimaatakkoord.nl},
    author = {{Climate Council}},
    url = {https://www.klimaatakkoord.nl/documenten/publicaties/2019/06/28/klimaatakkoord}
}

@misc{PlanningOfficefortheLivingEnvronment2019ClimateAchieved,
    title = {{Climate agreement: firmer policy package, but target of 49{\%} emission reduction not expected to be achieved}},
    year = {2019},
    booktitle = {pbl.nl},
    author = {{Planning Office for the Living Envronment}},
    url = {https://www.pbl.nl/nieuws/2019/klimaatakkoord-steviger-beleidspakket-maar-doel-van-49-emissiereductie-naar-verwachting-niet-gehaald}
}

@article{Moore2013ClimateProfitability,
    title = {{Climate change and broadacre livestock production across southern Australia. 1. Impacts of climate change on pasture and livestock productivity, and on sustainable levels of profitability}},
    year = {2013},
    journal = {Global Change Biology},
    author = {Moore, Andrew D. and Ghahramani, Afshin},
    number = {5},
    month = {5},
    pages = {1440--1455},
    volume = {19},
    url = {http://doi.wiley.com/10.1111/gcb.12150},
    doi = {10.1111/gcb.12150},
    issn = {13541013}
}

@article{Wall2011ClimateEnvironment,
    title = {{Climate change and livestock parasites: Integrated management of sheep blowfly strike in a warmer environment}},
    year = {2011},
    journal = {Global Change Biology},
    author = {Wall, Richard and Ellse, Lauren S.},
    number = {5},
    month = {5},
    pages = {1770--1777},
    volume = {17},
    doi = {10.1111/j.1365-2486.2010.02361.x},
    issn = {13541013},
    keywords = {Climate, Husbandry, Livestock, Lucilia, Model, Myiasis, Pest management, Sheep, Strike, Temperature}
}

@article{Thornton2010ClimateCountries,
    title = {{Climate change and the growth of the livestock sector in developing countries}},
    year = {2010},
    journal = {Mitigation and Adaptation Strategies for Global Change},
    author = {Thornton, Philip K. and Gerber, Pierre J.},
    number = {2},
    pages = {169--184},
    volume = {15},
    doi = {10.1007/s11027-009-9210-9},
    issn = {13812386},
    keywords = {Adaptation, Development, Emissions, Livestock, Mitigation, Poverty}
}

@misc{GovernmentoftheNetherlands2019ClimateAffordable,
    title = {{Climate deal makes halving carbon emissions feasible and affordable}},
    year = {2019},
    booktitle = {government.nl},
    author = {{Government of the Netherlands}},
    url = {https://www.government.nl/latest/news/2019/06/28/climate-deal-makes-halving-carbon-emissions-feasible-and-affordable}
}

@misc{GovernmentoftheNetherlands2019ClimateAffordableb,
    title = {{Climate deal makes halving carbon emissions feasible and affordable}},
    year = {2019},
    booktitle = {government.nl},
    author = {{Government of the Netherlands}},
    url = {https://www.government.nl/latest/news/2019/06/28/climate-deal-makes-halving-carbon-emissions-feasible-and-affordable}
}

@article{Peponi2019CombiningModeling,
    title = {{Combining Artificial Neural Networks and GIS Fundamentals for Coastal Erosion Prediction Modeling}},
    year = {2019},
    journal = {Sustainability (Switzerland)},
    author = {Peponi, A. and Morgado, P. and Trindade, J.},
    number = {4},
    pages = {},
    volume = {11},
    doi = {10.3390/su11040975}
}

@article{Peponi2019CombiningModelingb,
    title = {{Combining Artificial Neural Networks and GIS Fundamentals for Coastal Erosion Prediction Modeling}},
    year = {2019},
    journal = {Sustainability (Switzerland)},
    author = {Peponi, Angeliki and Morgado, Paulo and Trindade, Jorge},
    number = {4},
    month = {2},
    volume = {11},
    publisher = {MDPI AG},
    doi = {10.3390/su11040975},
    issn = {20711050},
    keywords = {Artificial neural networks, Backpropagation, Coastal urban zones, Erosion changes prediction, Geographic information systems}
}

@article{Paivarinne2016CombiningChallenges,
    title = {{Combining Integrated Product and Service Offerings with Industrial Symbiosis – a study of opportunities and challenges}},
    year = {2016},
    journal = {Journal of Cleaner Production},
    author = {P{\"{a}}iv{\"{a}}rinne, S and Lindahl, M},
    pages = {240--248},
    volume = {127},
    url = {https://www.scopus.com/inward/record.uri?eid=2-s2.0-84992293255&doi=10.1016%2fj.jclepro.2016.04.026&partnerID=40&md5=b94d4efaf6df9f7589ab380497e86f79},
    doi = {10.1016/j.jclepro.2016.04.026}
}

@article{Macfarlane2008CommunismNorms,
    title = {{Communism, Universalism and Disinterestedness: Re-examining Contemporary Support among Academics for Merton’s Scientific Norms}},
    year = {2008},
    journal = {Springer Science + Business Media B.V.},
    author = {Macfarlane, Bruce and Cheng, Ming},
    pages = {67--68},
    volume = {6},
    doi = {10.1007/s10805-008-9055-y}
}

@misc{Anderson1999ComplexityScience,
    title = {{Complexity Theory and Organization Science}},
    year = {1999},
    booktitle = {Organization Science},
    author = {Anderson, Philip},
    number = {3},
    pages = {216--232},
    volume = {10},
    publisher = {Institute for Operations Research and Management Sciences},
    doi = {10.1287/orsc.10.3.216},
    issn = {10477039},
    keywords = {Complexity Theory, Organizational Evolution, Strategic Management}
}

@article{Zhu2020ConspicuousWarming,
    title = {{Conspicuous temperature extremes over Southeast Asia: seasonal variations under 1.5 {${}^\circ$}C and 2 {${}^\circ$}C global warming}},
    year = {2020},
    journal = {Climatic Change},
    author = {Zhu, Shoupeng and Ge, Fei and Fan, Yi and Zhang, Ling and Sielmann, Frank and Fraedrich, Klaus and Zhi, Xiefei},
    month = {1},
    url = {http://link.springer.com/10.1007/s10584-019-02640-1},
    doi = {10.1007/s10584-019-02640-1},
    issn = {0165-0009}
}

@article{Faiij2017CostCompetitiveness,
    title = {{Cost Competitiveness}},
    year = {2017},
    journal = {Biofuels for Europe},
    author = {Faiij, Andre P J and Diaz-Chavez, Rozio A and Young, Heather and Fritsche, Uwe R and Felby, Claus and Somerville, Chris},
    url = {http://www.biofuelsforeurope.eu/cost-competitiveness/}
}

@article{Wohlstetter2008CreatingFramework,
    title = {{Creating a system for data-driven decision-making: applying the principal-agent framework}},
    year = {2008},
    journal = {School Effectiveness and School Improvement},
    author = {Wohlstetter, Priscilla and Datnow, Amanda and Park, Vicki},
    number = {3},
    month = {9},
    pages = {239--259},
    volume = {19},
    url = {https://www.tandfonline.com/doi/full/10.1080/09243450802246376},
    doi = {10.1080/09243450802246376},
    issn = {0924-3453}
}

@article{Peng2010CurrentReview,
    title = {{Current status of machine prognostics in condition-based maintenance: A review}},
    year = {2010},
    journal = {International Journal of Advanced Manufacturing Technology},
    author = {Peng, Ying and Dong, Ming and Zuo, Ming Jian},
    number = {1-4},
    month = {9},
    pages = {297--313},
    volume = {50},
    doi = {10.1007/s00170-009-2482-0},
    issn = {02683768},
    keywords = {Condition-based maintenance, Prognostics}
}

@article{Grieve2013Cyberfaking:Testing,
    title = {{Cyberfaking: I can, so I will? Intentions to fake in online psychological testing}},
    year = {2013},
    journal = {Cyberpsychol Behav Soc Netw},
    author = {Grieve, R and Elliott, J},
    edition = {2013/04/12},
    number = {5},
    pages = {364--369},
    volume = {16},
    url = {https://www.ncbi.nlm.nih.gov/pubmed/23574347},
    doi = {10.1089/cyber.2012.0271},
    issn = {2152-2723 (Electronic)2152-2715 (Linking)},
    pmid = {23574347},
    keywords = {*Attitude to Computers, *Deception, *Intention, Adult, Affect, Female, Humans, Male, Models, Statistical, Online Systems, Psychological Tests/*standards, Regression Analysis, Reproducibility of Results, Research Design/*standards, Self Report/*standards, Surveys and Questionnaires/classification}
}

@article{Hong2014DataBuildings,
    title = {{Data and analytics to inform energy retrofit of high performance buildings}},
    year = {2014},
    journal = {Applied Energy},
    author = {Hong, Tianzhen and Yang, Le and Hill, David and Feng, Wei},
    month = {8},
    pages = {90--106},
    volume = {126},
    publisher = {Elsevier Ltd},
    doi = {10.1016/j.apenergy.2014.03.052},
    issn = {03062619},
    keywords = {Analytics, Data model, Energy benchmarking, Energy use, High performance buildings, Retrofit}
}

@article{Hong2014DataBuildingsb,
    title = {{Data and analytics to inform energy retrofit of high performance buildings}},
    year = {2014},
    journal = {Applied Energy},
    author = {Hong, Tianzhen and Yang, Le and Hill, David and Feng, Wei},
    month = {8},
    pages = {90--106},
    volume = {126},
    publisher = {Elsevier Ltd},
    doi = {10.1016/j.apenergy.2014.03.052},
    issn = {03062619},
    keywords = {Analytics, Data model, Energy benchmarking, Energy use, High performance buildings, Retrofit}
}

@article{TechnopolisOxford2016DataPolicymaking,
    title = {{Data for Policy : A study of big data and other innovative data-driven approaches for evidence-informed policymaking}},
    year = {2016},
    journal = {Data4Policy},
    author = {{Technopolis Oxford}},
    number = {July},
    url = {www.data4policy.eu}
}

@article{Huh1990DataQuality,
    title = {{Data quality}},
    year = {1990},
    journal = {Information and Software Technology},
    author = {Huh, YU and Keller, FR and Redman, TC and Watkins, AR},
    number = {8},
    pages = {559--565},
    volume = {32},
    doi = {10.1016/0950-5849(90)90146-I},
    issn = {09505849},
    keywords = {data, data engineering, data processing, data quality, process management, quality, quality control}
}

@article{Watts2009DataPerspective,
    title = {{Data quality assessment in context: A cognitive perspective}},
    year = {2009},
    journal = {Decision Support Systems},
    author = {Watts, Stephanie and Shankaranarayanan, G. and Even, Adir},
    number = {1},
    month = {1},
    pages = {202--211},
    volume = {48},
    doi = {10.1016/j.dss.2009.07.012},
    issn = {01679236},
    keywords = {Cognition, Decision Support, Dual-Process Theory, Information Quality Dimensions, Information Quality Management, Quality Metadata}
}

@article{Provost2013DataMaking,
    title = {{Data Science and its Relationship to Big Data and Data-Driven Decision Making}},
    year = {2013},
    journal = {Big Data},
    author = {Provost, Foster and Fawcett, Tom},
    number = {1},
    month = {3},
    pages = {51--59},
    volume = {1},
    publisher = {Mary Ann Liebert Inc.},
    doi = {10.1089/big.2013.1508},
    issn = {2167647X}
}

@article{Guo2019Data-basedStudies,
    title = {{Data-based distributionally robust stochastic optimal power flow - Part II: Case studies}},
    year = {2019},
    journal = {IEEE Transactions on Power Systems},
    author = {Guo, Y. and Baker, K. and Dallanese, E. and Hu, Z. and Summers, T.H.},
    number = {2},
    pages = {1493--1503},
    volume = {34},
    doi = {10.1109/TPWRS.2018.2878380}
}

@article{Guo2019Data-basedStudiesb,
    title = {{Data-based distributionally robust stochastic optimal power flow - Part II: Case studies}},
    year = {2019},
    journal = {IEEE Transactions on Power Systems},
    author = {Guo, Yi and Baker, Kyri and Dallanese, Emiliano and Hu, Zechun and Summers, Tyler Holt},
    number = {2},
    month = {3},
    pages = {1493--1503},
    volume = {34},
    publisher = {Institute of Electrical and Electronics Engineers Inc.},
    doi = {10.1109/TPWRS.2018.2878380},
    issn = {08858950},
    keywords = {Data-driven optimization, Distribution networks, Multi-period distributionally robust optimization, Stochastic optimal power flow, Transmission systems}
}

@article{Liu2019Data-drivenFarm,
    title = {{Data-driven Based Active Power Distribution Algorithm in Wind Farm}},
    year = {2019},
    journal = {Dianli Xitong Zidonghua/Automation of Electric Power Systems},
    author = {Liu, Jun and Zhang, Binbin and Zhao, Chencong},
    number = {17},
    month = {9},
    pages = {125--131},
    volume = {43},
    publisher = {Automation of Electric Power Systems Press},
    doi = {10.7500/AEPS20190110004},
    issn = {10001026},
    keywords = {Active power distribution, Coefficient of variance method, Data-driven, Takagi-Sugeno fuzzy model, Wind farm}
}

@inproceedings{Guo2019Data-drivenLearning,
    title = {{Data-driven grinding control using reinforcement learning}},
    year = {2019},
    booktitle = {Proceedings - 21st IEEE International Conference on High Performance Computing and Communications, 17th IEEE International Conference on Smart City and 5th IEEE International Conference on Data Science and Systems, HPCC/SmartCity/DSS 2019},
    author = {Guo, Li and Wang, Huan and Zhang, Jun},
    month = {8},
    pages = {2817--2824},
    publisher = {Institute of Electrical and Electronics Engineers Inc.},
    isbn = {9781728120584},
    doi = {10.1109/HPCC/SmartCity/DSS.2019.00395},
    keywords = {actor-critic, optimal control, proximal policy optimisation, reinforcement learning}
}

@article{Yan2019Data-drivenSearch,
    title = {{Data-driven load frequency control for stochastic power systems: A deep reinforcement learning method with continuous action search}},
    year = {2019},
    journal = {IEEE Transactions on Power Systems},
    author = {Yan, Z. and Xu, Y.},
    number = {2},
    pages = {1653--1656},
    volume = {34},
    doi = {10.1109/TPWRS.2018.2881359}
}

@article{Yan2019Data-drivenSearchb,
    title = {{Data-driven load frequency control for stochastic power systems: A deep reinforcement learning method with continuous action search}},
    year = {2019},
    journal = {IEEE Transactions on Power Systems},
    author = {Yan, Ziming and Xu, Yan},
    number = {2},
    month = {3},
    pages = {1653--1656},
    volume = {34},
    publisher = {Institute of Electrical and Electronics Engineers Inc.},
    doi = {10.1109/TPWRS.2018.2881359},
    issn = {08858950},
    keywords = {Continuous action search, Deep reinforcement learning, Load frequency control, Stochastic power system}
}

@inproceedings{vanVeenstra2017Data-drivenApproach,
    title = {{Data-driven policy making: The policy lab approach}},
    year = {2017},
    booktitle = {International Conference on Electronic Participation},
    author = {van Veenstra, Anne Fleur and Kotterink, Bas},
    pages = {100--111},
    publisher = {Springer}
}

@article{Filipe2019Data-drivenStation,
    title = {{Data-driven predictive energy optimization in a wastewater pumping station}},
    year = {2019},
    journal = {Applied Energy},
    author = {Filipe, J. and Bessa, R.J. and Reis, M. and Alves, R. and P{\'{o}}voa, P.},
    pages = {},
    volume = {252},
    doi = {10.1016/j.apenergy.2019.113423}
}

@article{Filipe2019Data-drivenStationb,
    title = {{Data-driven predictive energy optimization in a wastewater pumping station}},
    year = {2019},
    journal = {Applied Energy},
    author = {Filipe, Jorge and Bessa, Ricardo J. and Reis, Marisa and Alves, Rita and P{\'{o}}voa, Pedro},
    month = {10},
    volume = {252},
    publisher = {Elsevier Ltd},
    doi = {10.1016/j.apenergy.2019.113423},
    issn = {03062619},
    arxivId = {1902.03417},
    keywords = {Data-driven, Energy efficiency, Machine learning, Predictive control, Reinforcement learning, Wastewater treatment plant}
}

@inproceedings{Khezeli2016Data-drivenResponse,
    title = {{Data-driven pricing of demand response}},
    year = {2016},
    booktitle = {2016 IEEE International Conference on Smart Grid Communications, SmartGridComm 2016},
    author = {Khezeli, K. and Bitar, E.},
    pages = {224--229},
    isbn = {9781509040759},
    doi = {10.1109/SmartGridComm.2016.7778765}
}

@inproceedings{Khezeli2016Data-drivenResponseb,
    title = {{Data-driven pricing of demand response}},
    year = {2016},
    booktitle = {2016 IEEE International Conference on Smart Grid Communications, SmartGridComm 2016},
    author = {Khezeli, Kia and Bitar, Eilyan},
    month = {12},
    pages = {224--229},
    publisher = {Institute of Electrical and Electronics Engineers Inc.},
    isbn = {9781509040759},
    doi = {10.1109/SmartGridComm.2016.7778765}
}

@article{Diran2019Data-drivenApproach,
    title = {{Data-driven support of a sustainable and inclusive urban heat transition in the Netherlands: The data ecosystem approach}},
    year = {2019},
    journal = {Tu Delft Repository},
    author = {Diran, Devin}
}

@article{Nutkiewicz2018Data-drivenWorkflow,
    title = {{Data-driven Urban Energy Simulation (DUE-S): A framework for integrating engineering simulation and machine learning methods in a multi-scale urban energy modeling workflow}},
    year = {2018},
    journal = {Applied Energy},
    author = {Nutkiewicz, A. and Yang, Z. and Jain, R.K.},
    pages = {1176--1189},
    volume = {225},
    doi = {10.1016/j.apenergy.2018.05.023}
}

@article{Nutkiewicz2018Data-drivenWorkflowb,
    title = {{Data-driven Urban Energy Simulation (DUE-S): A framework for integrating engineering simulation and machine learning methods in a multi-scale urban energy modeling workflow}},
    year = {2018},
    journal = {Applied Energy},
    author = {Nutkiewicz, Alex and Yang, Zheng and Jain, Rishee K.},
    month = {9},
    pages = {1176--1189},
    volume = {225},
    publisher = {Elsevier Ltd},
    doi = {10.1016/j.apenergy.2018.05.023},
    issn = {03062619},
    keywords = {Building energy, Data-driven, Machine learning, Multi-scale, Simulation, Urban context, Urban energy modeling}
}

@inproceedings{Nutkiewicz2017Data-drivenWorkflow,
    title = {{Data-driven Urban Energy Simulation (DUE-S): Integrating machine learning into an urban building energy simulation workflow}},
    year = {2017},
    booktitle = {Energy Procedia},
    author = {Nutkiewicz, A. and Yang, Z. and Jain, R.K.},
    pages = {2114--2119},
    volume = {142},
    doi = {10.1016/j.egypro.2017.12.614}
}

@inproceedings{Nutkiewicz2017Data-drivenWorkflowb,
    title = {{Data-driven Urban Energy Simulation (DUE-S): Integrating machine learning into an urban building energy simulation workflow}},
    year = {2017},
    booktitle = {Energy Procedia},
    author = {Nutkiewicz, Alex and Yang, Zheng and Jain, Rishee K.},
    pages = {2114--2119},
    volume = {142},
    publisher = {Elsevier Ltd},
    doi = {10.1016/j.egypro.2017.12.614},
    issn = {18766102},
    keywords = {building performance, energy data, energy efficiency, machine learning, simulation, urban sustainability}
}

@article{Storey1997DatabaseLearning,
    title = {{Database design with common sense business reasoning and learning}},
    year = {1997},
    journal = {ACM Transactions on Database Systems (TODS)},
    author = {Storey, Veda C and Chiang, Roger H L and Dey, Debabrata and Goldstein, Robert C and Sudaresan, Shankar},
    number = {4},
    pages = {471--512},
    volume = {22},
    publisher = {ACM New York, NY, USA},
    issn = {0362-5915}
}

@article{Keen1980DecisionAnalysis,
    title = {{Decision support systems and managerial productivity analysis}},
    year = {1980},
    author = {Keen, Peter G W},
    publisher = {Cambridge, Mass.: Center for Information Systems Research, Alfred P. Sloan {\ldots}}
}

@book{Sage1991DecisionEngineering,
    title = {{Decision support systems engineering}},
    year = {1991},
    author = {Sage, Andrew P.},
    pages = {xi, 344 pages :},
    publisher = {Wiley,},
    address = {New York :},
    isbn = {047153000X}
}

@techreport{Power2004DecisionFuture,
    title = {{Decision Support Systems: From the Past to the Future Recommended Citation Decision Support Systems: From the Past to the Future}},
    year = {2004},
    booktitle = {Future},
    author = {Power, Daniel J},
    url = {http://aisel.aisnet.org/amcis2004http://aisel.aisnet.org/amcis2004/242},
    institution = {Association for Information Systems AIS Electronic Library (AISeL)},
    keywords = {DSS, Decision support systems, technology history}
}

@article{Ishizaki2013DependencePathways,
    title = {{Dependence of precipitation scaling patterns on emission scenarios for representative concentration pathways}},
    year = {2013},
    journal = {Journal of Climate},
    author = {Ishizaki, Yasuhiro and Shiogama, Hideo and Emori, Seita and Yokohata, Tokuta and Nozawa, Toru and Takahashi, Kiyoshi and Ogura, Tomoo and Yoshimori, Masakazu and Nagashima, Tatsuya},
    number = {22},
    month = {11},
    pages = {8868--8879},
    volume = {26},
    doi = {10.1175/JCLI-D-12-00540.1},
    issn = {08948755},
    keywords = {Climate models}
}

@inproceedings{Federico2019DesignInnovation,
    title = {{Design as an Agent for Public Policy Innovation}},
    year = {2019},
    booktitle = {Conference Proceedings of the Academy for Design Innovation Management},
    author = {Federico, V A Z and Prendeville, Sharon},
    pages = {143--156},
    volume = {2},
    isbn = {2632-0045}
}

@inproceedings{Offermann2011DesignPublications,
    title = {{Design range and research strategies in design science publications}},
    year = {2011},
    booktitle = {Lecture Notes in Computer Science (including subseries Lecture Notes in Artificial Intelligence and Lecture Notes in Bioinformatics)},
    author = {Offermann, Philipp and Blom, Sören and Sch{\"{o}}nherr, Marten and Bub, Udo},
    pages = {77--91},
    volume = {6629 LNCS},
    publisher = {Springer, Berlin, Heidelberg},
    isbn = {9783642206320},
    doi = {10.1007/978-3-642-20633-7{\_}6},
    issn = {03029743}
}

@article{Hevner2004DesignResearch,
    title = {{Design Science In Information Systems Research}},
    year = {2004},
    journal = {MIS Quarterly},
    author = {Hevner, Alan R and Ram, Sudha and March, Salvatore T and Park, Jinsoo},
    chapter = {77},
    pages = {77--105},
    volume = {28}
}

@incollection{Jessup2011DevelopmentStates,
    title = {{Development and Status of Dedicated Energy Crops in the United States}},
    year = {2011},
    booktitle = {Biofuels: Global Impact on Renewable Energy, Production Agriculture, and Technological Advancements},
    author = {Jessup, Russell W},
    editor = {Tomes, Dwight and Lakshmanan, Prakash and Songstad, David},
    pages = {97--112},
    publisher = {Springer New York},
    url = {https://doi.org/10.1007/978-1-4419-7145-6_6},
    address = {New York, NY},
    isbn = {978-1-4419-7145-6},
    doi = {10.1007/978-1-4419-7145-6{\_}6}
}

@article{ONeill2016DevelopmentPerformance,
    title = {{Development of a probabilistic graphical model for predicting building energy performance}},
    year = {2016},
    journal = {Applied Energy},
    author = {O'Neill, Z. and O'Neill, C.},
    pages = {650--658},
    volume = {164},
    doi = {10.1016/j.apenergy.2015.12.015}
}

@article{ONeill2016DevelopmentPerformanceb,
    title = {{Development of a probabilistic graphical model for predicting building energy performance}},
    year = {2016},
    journal = {Applied Energy},
    author = {O'Neill, Zheng and O'Neill, Charles},
    month = {2},
    pages = {650--658},
    volume = {164},
    publisher = {Elsevier Ltd},
    doi = {10.1016/j.apenergy.2015.12.015},
    issn = {03062619},
    keywords = {Bayesian Networks, Building energy performance, Data driven model, Measurement, Uncertainty}
}

@article{Alvarez2017DevelopmentStrategies,
    title = {{Development of the Tool SymbioSyS to Support the Transition Towards a Circular Economy Based on Industrial Symbiosis Strategies}},
    year = {2017},
    journal = {Waste and Biomass Valorization},
    author = {{\'{A}}lvarez, R and Ruiz-Puente, C},
    number = {5},
    pages = {1521--1530},
    volume = {8},
    url = {https://www.scopus.com/inward/record.uri?eid=2-s2.0-85001560472&doi=10.1007%2fs12649-016-9748-1&partnerID=40&md5=f848625480704424097b7fa95d7df7a7},
    doi = {10.1007/s12649-016-9748-1}
}

@article{Zamorano2011DiagnosisSpain,
    title = {{Diagnosis and proposals for waste management in industrial areas in the service sector: Case study in the metropolitan area of Granada (Spain)}},
    year = {2011},
    journal = {Journal of Cleaner Production},
    author = {Zamorano, M and Grindlay, A and Molero, E and Rodr{\'{i}}guez, M I},
    number = {17-18},
    pages = {1946--1955},
    volume = {19},
    url = {https://www.scopus.com/inward/record.uri?eid=2-s2.0-81155162521&doi=10.1016%2fj.jclepro.2011.07.004&partnerID=40&md5=652778662db03f9355e55243d9670493},
    doi = {10.1016/j.jclepro.2011.07.004}
}

@article{Schleussner2015DifferentialC,
    title = {{Differential climate impacts for policy-relevant limits to global warming: the case of 1.5 {${}^\circ$}C and 2 {${}^\circ$}C}},
    year = {2015},
    journal = {Earth System Dynamics Discussions},
    author = {Schleussner, C.-F. and Lissner, T. K. and Fischer, E. M. and Wohland, J. and Perrette, M. and Golly, A. and Rogelj, J. and Childers, K. and Schewe, J. and Frieler, K. and Mengel, M. and Hare, W. and Schaeffer, M.},
    number = {2},
    month = {11},
    pages = {2447--2505},
    volume = {6},
    publisher = {Copernicus GmbH},
    doi = {10.5194/esdd-6-2447-2015},
    issn = {2190-4995}
}

@article{EuropeanUnion2003DirectiveTransport,
    title = {{Directive 2003/30/EC of the European parliament and of the council of 8 may 2003 on the promotion of the use of biofuels or other renewable fuels for transport}},
    year = {2003},
    journal = {European Union},
    author = {{European Union}}
}

@article{Yin1994DiscoveringResearch,
    title = {{Discovering the future of the case study. Method in evaluation research}},
    year = {1994},
    journal = {Evaluation practice},
    author = {Yin, Robert K},
    number = {3},
    pages = {283--290},
    volume = {15},
    publisher = {Sage Publications Sage CA: Thousand Oaks, CA},
    issn = {0886-1633}
}

@article{Pendergrass2015DoesScenario,
    title = {{Does extreme precipitation intensity depend on the emissions scenario?}},
    year = {2015},
    journal = {Geophysical Research Letters},
    author = {Pendergrass, Angeline G. and Lehner, Flavio and Sanderson, Benjamin M. and Xu, Yangyang},
    number = {20},
    month = {10},
    pages = {8767--8774},
    volume = {42},
    publisher = {Blackwell Publishing Ltd},
    doi = {10.1002/2015GL065854},
    issn = {19448007},
    keywords = {climate change, extreme precipitation, global climate models}
}

@techreport{Hart1998DoingPaperback,
    title = {{Doing a Literature Review: Releasing the Social Science Research Imagination by Christopher Hart (6-Nov-1998) Paperback}},
    year = {1998},
    author = {Hart, Christopher},
    institution = {Sage study skills}
}

@article{Jiao2018DurableProcesses,
    title = {{Durable policy facilitation of Sustainable Industrial Parks in China: A perspective of co-evolution of policy processes}},
    year = {2018},
    journal = {Journal of Cleaner Production},
    author = {Jiao, W and Boons, F and Teisman, G and Li, C},
    pages = {179--190},
    volume = {192},
    url = {https://www.scopus.com/inward/record.uri?eid=2-s2.0-85046656695&doi=10.1016%2fj.jclepro.2018.04.226&partnerID=40&md5=d3f27e78a03bd83855ff91b9323fff55},
    doi = {10.1016/j.jclepro.2018.04.226}
}

@misc{Corder2019DutchMet,
    title = {{Dutch emission reduction targets probably won't be met}},
    year = {2019},
    booktitle = {ABC News Internet Ventures},
    author = {Corder, Mike},
    url = {https://abcnews.go.com/Technology/wireStory/dutch-emission-reduction-targets-met-66685429}
}

@misc{DutchNews2019DutchOff,
    title = {{Dutch greenhouse gas emissions drop slightly, target a long way off}},
    year = {2019},
    booktitle = {Vindustries},
    author = {{DutchNews}},
    url = {https://www.dutchnews.nl/news/2019/05/dutch-greenhouse-gas-emissions-drop-slightly-target-a-long-way-off/}
}

@misc{Tidey2019DutchRuling,
    title = {{Dutch High Court orders state to improve emissions reduction target in landmark ruling}},
    year = {2019},
    booktitle = {Euro News},
    author = {Tidey, Alice},
    url = {https://www.euronews.com/2019/12/20/dutch-high-court-orders-state-to-increase-emissions-reduction-target-in-landmark-ruling}
}

@article{Tachiiri2019EffectLevel,
    title = {{Effect on the Earth system of realizing a 1.5 {${}^\circ$}C warming climate target after overshooting to the 2 {${}^\circ$}C level}},
    year = {2019},
    journal = {Environmental Research Letters},
    author = {Tachiiri, Kaoru and Silva Herran, Diego and Su, Xuanming and Kawamiya, Michio},
    number = {12},
    month = {12},
    pages = {124063},
    volume = {14},
    publisher = {IOP Publishing},
    doi = {10.1088/1748-9326/ab5199},
    issn = {1748-9326}
}

@article{Nardone2010EffectsSystems,
    title = {{Effects of climate changes on animal production and sustainability of livestock systems}},
    year = {2010},
    journal = {Livestock Science},
    author = {Nardone, A. and Ronchi, B. and Lacetera, N. and Ranieri, M. S. and Bernabucci, U.},
    number = {1-3},
    month = {5},
    pages = {57--69},
    volume = {130},
    doi = {10.1016/j.livsci.2010.02.011},
    issn = {18711413},
    keywords = {Animal production, Climate change, Livestock production systems, Sustainability}
}

@book{Charalabidis2012ElectronicParticipation,
    title = {{Electronic Participation}},
    year = {2012},
    booktitle = {Lecture Notes in Computer Science (including subseries Lecture Notes in Artificial Intelligence and Lecture Notes in Bioinformatics)},
    author = {Charalabidis, Yannis and Triantafillou, Anna and Karkaletsis, Vangelis and Loukis, Euripidis},
    pages = {156--169},
    volume = {7444},
    publisher = {IFIP International Federation for Information Processing.},
    url = {http://www.scopus.com/inward/record.url?eid=2-s2.0-84866029187&partnerID=tZOtx3y1},
    isbn = {978-3-642-33249-4},
    doi = {10.1007/978-3-642-33250-0},
    keywords = {crowdsourcing, e-participation, public policy, sentiment analysis, social media, visual analytics}
}

@article{Parsons2000EmancipatingModeling,
    title = {{Emancipating instances from the tyranny of classes in information modeling}},
    year = {2000},
    journal = {ACM Transactions on Database Systems (TODS)},
    author = {Parsons, Jeffrey and Wand, Yair},
    number = {2},
    pages = {228--268},
    volume = {25},
    publisher = {ACM New York, NY, USA},
    issn = {0362-5915}
}

@article{Otto2015EmbracingPolicy,
    title = {{Embracing uncertainty in climate change policy}},
    year = {2015},
    journal = {Nature Climate Change},
    author = {Otto, Friederike E.L. and Frame, David J. and Otto, Alexander and Allen, Myles R.},
    number = {10},
    month = {10},
    pages = {917--921},
    volume = {5},
    publisher = {Nature Publishing Group},
    doi = {10.1038/nclimate2716},
    issn = {17586798}
}

@misc{Shiogama2010EmissionCycle,
    title = {{Emission scenario dependencies in climate change assessments of the hydrological cycle}},
    year = {2010},
    booktitle = {Climatic Change},
    author = {Shiogama, Hideo and Hanasaki, Naota and Masutomi, Yuji and Nagashima, Tatsuya and Ogura, Tomoo and Takahashi, Kiyoshi and Hijioka, Yasuaki and Takemura, Toshihiko and Nozawa, Toru and Emori, Seita},
    number = {1},
    month = {2},
    pages = {321--329},
    volume = {99},
    doi = {10.1007/s10584-009-9765-1},
    issn = {01650009}
}

@article{MinistryofEconomicAffairsandClimate2016EnergySupply,
    title = {{Energy agenda: towards a low-energy energy supply}},
    year = {2016},
    journal = {rijksoverheid.nl},
    author = {{Ministry of Economic Affairs and Climate}},
    pages = {120},
    url = {https://www.rijksoverheid.nl/documenten/rapporten/2016/12/07/ea}
}

@misc{WorldData2019EnergyNetherlands,
    title = {{Energy consumption in the Netherlands}},
    year = {2019},
    booktitle = {worlddata.info/},
    author = {{World Data}},
    url = {https://www.worlddata.info/europe/netherlands/energy-consumption.php}
}

@misc{Eurostat2019EnergyOverview,
    title = {{Energy statistics - an overview}},
    year = {2019},
    booktitle = {ec.europa.eu},
    author = {{Eurostat}},
    url = {https://ec.europa.eu/eurostat/statistics-explained/index.php?title=Energy_statistics_-_an_overview#Final_energy_consumption},
    doi = {ISSN 2443-8219}
}

@article{Amundson2006EnvironmentalCattle,
    title = {{Environmental effects on pregnancy rate in beef cattle}},
    year = {2006},
    journal = {Journal of Animal Science},
    author = {Amundson, J. L. and Mader, T. L. and Rasby, R. J. and Hu, Q. S.},
    number = {12},
    month = {12},
    pages = {3415--3420},
    volume = {84},
    doi = {10.2527/jas.2005-611},
    issn = {00218812},
    keywords = {Beef cattle, Heat stress, Pregnancy rate, Temperature-humidity index}
}

@techreport{Deloitte2013EuropeanContents,
    title = {{European energy market reform Country profile: Netherlands Contents}},
    year = {2013},
    author = {{Deloitte}},
    url = {https://www2.deloitte.com/content/dam/Deloitte/global/Documents/Energy-and-Resources/gx-er-market-reform-netherlands.pdf},
    institution = {Deloitte}
}

@misc{Eurostat2019Eurostat:Explained,
    title = {{Eurostat: Statistic Explained}},
    year = {2019},
    booktitle = {ec.europa.eu/},
    author = {{Eurostat}},
    pages = {2443--8219},
    url = {https://ec.europa.eu/}
}

@article{Solesbury2001Evidence1,
    title = {{Evidence Based Policy : Whence it Came and Where it ’ s Going, ESRC UK Centre for Evidence Based Policy and Practice: Working Paper 1}},
    year = {2001},
    journal = {Policy},
    author = {Solesbury, William},
    number = {October},
    pages = {1--11}
}

@article{Mirata2004ExperiencesChallenges,
    title = {{Experiences from early stages of a national industrial symbiosis programme in the UK: Determinants and coordination challenges}},
    year = {2004},
    journal = {Journal of Cleaner Production},
    author = {Mirata, M},
    number = {8-10},
    pages = {967--983},
    volume = {12},
    url = {https://www.scopus.com/inward/record.uri?eid=2-s2.0-2442488533&doi=10.1016%2fj.jclepro.2004.02.031&partnerID=40&md5=a4217d1473262a4f68f960d36481082d},
    doi = {10.1016/j.jclepro.2004.02.031}
}

@article{Mirata2004ExperiencesChallengesb,
    title = {{Experiences from early stages of a national industrial symbiosis programme in the UK: determinants and coordination challenges}},
    year = {2004},
    journal = {Journal of Cleaner Production},
    author = {Mirata, Murat},
    number = {8},
    pages = {967--983},
    volume = {12},
    url = {http://www.sciencedirect.com/science/article/pii/S0959652604000848},
    doi = {https://doi.org/10.1016/j.jclepro.2004.02.031},
    issn = {0959-6526},
    keywords = {Environmental policy, Environmental sustainability, Industrial symbiosis networks, Industrial symbiosis programme coordination}
}

@article{Costanzo2016ExperimentalSystem,
    title = {{Experimental analysis of data-driven control for a building heating system}},
    year = {2016},
    journal = {Sustainable Energy, Grids and Networks},
    author = {Costanzo, G.T. and Iacovella, S. and Ruelens, F. and Leurs, T. and Claessens, B.J.},
    pages = {81--90},
    volume = {6},
    doi = {10.1016/j.segan.2016.02.002}
}

@article{Costanzo2016ExperimentalSystemb,
    title = {{Experimental analysis of data-driven control for a building heating system}},
    year = {2016},
    journal = {Sustainable Energy, Grids and Networks},
    author = {Costanzo, G. T. and Iacovella, S. and Ruelens, F. and Leurs, T. and Claessens, B. J.},
    month = {6},
    pages = {81--90},
    volume = {6},
    publisher = {Elsevier Ltd},
    doi = {10.1016/j.segan.2016.02.002},
    issn = {23524677},
    arxivId = {1507.03638},
    keywords = {Batch reinforcement learning, Data-driven modeling, Demand response, Fitted Q-iteration, Thermostatically controlled load}
}

@article{Chen2016ExtendingMatters,
    title = {{Extending the theory of planned behavior model to explain people's energy savings and carbon reduction behavioral intentions to mitigate climate change in Taiwan–moral obligation matters}},
    year = {2016},
    journal = {Journal of Cleaner Production},
    author = {Chen, Mei-Fang},
    chapter = {1746},
    pages = {1746--1753},
    volume = {112},
    doi = {10.1016/j.jclepro.2015.07.043},
    issn = {09596526}
}

@article{Park2018FacilitatingColombia,
    title = {{Facilitating Business Collaborations for Industrial Symbiosis: The Pilot Experience of the Sustainable Industrial Network Program in Colombia}},
    year = {2018},
    journal = {Sustainability},
    author = {Park, Jooyoung and Duque-Hern{\'{a}}ndez, Juanita and D{\'{i}}az-Posada, Nohora},
    pages = {3637},
    volume = {10},
    publisher = {MDPI},
    url = {https://www.researchgate.net/publication/328239890_Facilitating_Business_Collaborations_for_Industrial_Symbiosis_The_Pilot_Experience_of_the_Sustainable_Industrial_Network_Program_in_Colombia},
    doi = {10.3390/su10103637}
}

@article{Port-of-Rotterdam2018FactsCluster,
    title = {{Facts {\&} Figures on The Rotterdam Energy Port and Petrochemical Cluster}},
    year = {2018},
    journal = {Make It Happen},
    author = {{Port-of-Rotterdam}}
}

@article{European-Environment-Agency2019FinalTransport,
    title = {{Final energy consumption in Europe by mode of transport}},
    year = {2019},
    journal = {European Comission},
    author = {{European-Environment-Agency}},
    url = {https://www.eea.europa.eu/data-and-maps/indicators/transport-final-energy-consumption-by-mode/assessment-10}
}

@article{Maniatis2017FinalForum,
    title = {{Final Report Building Up the Future Sub Group on Advanced Biofuels Sustainable Transport Forum}},
    year = {2017},
    journal = {European Comission},
    author = {Maniatis, Kyriakos and Land{\"{a}}lv, Ingvar and Waldheim, Lars and Heuvel, Eric van den and Kalligeros, Stamatis},
    url = {https://ec.europa.eu/transparency/regexpert/index.cfm?do=groupDetail.groupDetailDoc&id=33288&no=1}
}

@misc{vanderGoot2019FirstPoints,
    title = {{First Chamber agrees with Climate Act: These are the most important points}},
    year = {2019},
    booktitle = {Sanoma Digital The Netherlands BV},
    author = {van der Goot, Edo},
    url = {https://www.nu.nl/politiek/5912553/eerste-kamer-stemt-in-met-klimaatwet-dit-zijn-de-belangrijkste-punten.html}
}

@article{Flyvbjerg2006FiveResearch,
    title = {{Five misunderstandings about case-study research}},
    year = {2006},
    journal = {Qualitative inquiry},
    author = {Flyvbjerg, Bent},
    number = {2},
    pages = {219--245},
    volume = {12},
    publisher = {Sage Publications Sage CA: Thousand Oaks, CA},
    issn = {1077-8004}
}

@article{Tomei2015FoodBiofuels,
    title = {{Food versus fuel? Going beyond biofuels}},
    year = {2015},
    journal = {Land Use Policy},
    author = {Tomei, Julia and Helliwell, Richard},
    volume = {56},
    doi = {10.1016/j.landusepol.2015.11.015}
}

@article{Ma2018ForecastingAssumptions,
    title = {{Forecasting renewable energy consumption under zero assumptions}},
    year = {2018},
    journal = {Sustainability (Switzerland)},
    author = {Ma, J. and Oppong, A. and Acheampong, K.N. and Abruquah, L.A.},
    number = {3},
    pages = {},
    volume = {10},
    doi = {10.3390/su10030576}
}

@article{Ma2018ForecastingAssumptionsb,
    title = {{Forecasting renewable energy consumption under zero assumptions}},
    year = {2018},
    journal = {Sustainability (Switzerland)},
    author = {Ma, Jie and Oppong, Amos and Acheampong, Kingsley Nketia and Abruquah, Lucille Aba},
    number = {3},
    month = {2},
    volume = {10},
    publisher = {MDPI AG},
    doi = {10.3390/su10030576},
    issn = {20711050},
    keywords = {Forecasting, Hydroelectric power energy consumption, LSTM RNN, Own-data-driven modeling, Renewable energy, Total biomass energy consumption, Volatility, Zero assumptions}
}

@article{Nashawi2010ForecastingModel,
    title = {{Forecasting world crude oil production using multicyclic Hubbert model}},
    year = {2010},
    journal = {Energy and Fuels},
    author = {Nashawi, I.S. and Malallah, A. and Al-Bisharah, M.},
    number = {3},
    pages = {1788--1800},
    volume = {24},
    doi = {10.1021/ef901240p}
}

@article{Nashawi2010ForecastingModelb,
    title = {{Forecasting world crude oil production using multicyclic Hubbert model}},
    year = {2010},
    journal = {Energy and Fuels},
    author = {Nashawi, Ibrahim Sami and Malallah, Adel and Al-Bisharah, Mohammed},
    number = {3},
    month = {3},
    pages = {1788--1800},
    volume = {24},
    doi = {10.1021/ef901240p},
    issn = {08870624}
}

@misc{Veit2013FoundationsEra,
    title = {{Foundations of digital government : leading and managing in the digital era}},
    year = {2013},
    author = {Veit, Daniel and Huntgeburth, Jan T A - T T -},
    edition = { NV  - 1 o},
    series = {Springer texts in business and economics},
    publisher = {Springer},
    url = {http://books.scholarsportal.info/viewdoc.html?id=/ebooks/ebooks3/springer/2014-02-13/1/9783642385117 http://www.library.yorku.ca/e/resolver/id/2531794 https://doi.org/10.1007/978-3-642-38511-7 https://link.springer.com/openurl?genre=book&isbn=978-3-642-38},
    address = {Heidelberg},
    isbn = {9783642385117 3642385117 3642385109 9783642385100},
    doi = {10.1007/978-3-642-38511-7 LK  - https://tudelft.on.worldcat.org/oclc/858940366},
    language = {English}
}

@inproceedings{New2011FourImplications,
    title = {{Four degrees and beyond: The potential for a global temperature increase of four degrees and its implications}},
    year = {2011},
    booktitle = {Philosophical Transactions of the Royal Society A: Mathematical, Physical and Engineering Sciences},
    author = {New, Mark and Liverman, Diana and Schroder, Heike and Anderson, Kevin},
    month = {1},
    pages = {9--19},
    volume = {369},
    publisher = {Royal Society},
    doi = {10.1098/rsta.2010.0303},
    pmid = {21115510},
    keywords = {Adaptation, Climate change, Dangerous climate change, Global warming, Impacts, Policy}
}

@article{Geels2004FromTheory,
    title = {{From sectoral systems of innovation to socio-technical systems: Insights about dynamics and change from sociology and institutional theory}},
    year = {2004},
    journal = {Research Policy},
    author = {Geels, Frank W.},
    number = {6-7},
    month = {9},
    pages = {897--920},
    volume = {33},
    doi = {10.1016/j.respol.2004.01.015},
    issn = {00487333},
    keywords = {Co-evolution, Institutional theory, Multi-level perspective, Regime shifts, Sectoral systems of innovation}
}

@article{Bright2010Fuel-MixEurope,
    title = {{Fuel-Mix, Fuel Efficiency, and Transport Demand Affect Prospects for Biofuels in Northern Europe}},
    year = {2010},
    journal = {Environmental Science {\&} Technology},
    author = {Bright, Ryan M and Str{\o}mman, Anders Hammer},
    number = {7},
    pages = {2261--2269},
    volume = {44},
    publisher = {American Chemical Society},
    url = {https://doi.org/10.1021/es903135c},
    doi = {10.1021/es903135c},
    issn = {0013-936X}
}

@article{Pal2016FutureAdaptability,
    title = {{Future temperature in southwest Asia projected to exceed a threshold for human adaptability}},
    year = {2016},
    journal = {Nature Climate Change},
    author = {Pal, Jeremy S. and Eltahir, Elfatih A.B.},
    number = {2},
    month = {1},
    pages = {197--200},
    volume = {6},
    publisher = {Nature Publishing Group},
    doi = {10.1038/nclimate2833},
    issn = {17586798}
}

@book{Kopalle2010GamePricing,
    title = {{Game Theory Models of Pricing}},
    year = {2010},
    booktitle = {Handbook of Pricing Management},
    author = {Kopalle, Praveen and Shumsky, Robert A},
    publisher = {Oxford University Press Tuck School of Business},
    address = {Dartmouth}
}

@article{Kazmi2016GeneralizableNZEB,
    title = {{Generalizable occupant-driven optimization model for domestic hot water production in NZEB}},
    year = {2016},
    journal = {Applied Energy},
    author = {Kazmi, H. and D'Oca, S. and Delmastro, C. and Lodeweyckx, S. and Corgnati, S.P.},
    pages = {1--15},
    volume = {175},
    doi = {10.1016/j.apenergy.2016.04.108}
}

@article{Kazmi2016GeneralizableNZEBb,
    title = {{Generalizable occupant-driven optimization model for domestic hot water production in NZEB}},
    year = {2016},
    journal = {Applied Energy},
    author = {Kazmi, H. and D'Oca, S. and Delmastro, C. and Lodeweyckx, S. and Corgnati, S. P.},
    month = {8},
    pages = {1--15},
    volume = {175},
    publisher = {Elsevier Ltd},
    doi = {10.1016/j.apenergy.2016.04.108},
    issn = {03062619},
    keywords = {Domestic hot water (DHW), Heat pumps, NZEB, Occupant behaviour, Optimal control, Reinforcement learning}
}

@misc{Rogelj2016GeosciencesParis,
    title = {{Geosciences after Paris}},
    year = {2016},
    booktitle = {Nature Geoscience},
    author = {Rogelj, Joeri and Knutti, Reto},
    number = {3},
    month = {3},
    pages = {187--189},
    volume = {9},
    publisher = {Nature Publishing Group},
    doi = {10.1038/ngeo2668},
    issn = {17520908}
}

@article{Murphy2011GlobalBiofuels,
    title = {{Global developments in the competition for land from biofuels}},
    year = {2011},
    journal = {Food Policy},
    author = {Murphy, Richard and Woods, Jeremy and Black, Mairi and McManus, Marcelle},
    pages = {S52-S61},
    volume = {36},
    url = {http://www.sciencedirect.com/science/article/pii/S0306919210001284},
    doi = {https://doi.org/10.1016/j.foodpol.2010.11.014},
    issn = {0306-9192},
    keywords = {Biofuels, Food agriculture, Land use, Sustainability, Transport energy}
}

@article{Williamson2015GoverningEducation,
    title = {{Governing methods: Policy innovation labs, design and data science in the digital governance of education}},
    year = {2015},
    journal = {Journal of Educational Administration and History},
    author = {Williamson, Ben},
    number = {3},
    pages = {251--271},
    volume = {47},
    publisher = {Taylor {\&} Francis},
    doi = {10.1080/00220620.2015.1038693},
    issn = {14787431},
    keywords = {Data, Design, Digital, Governance, Innovation, Methods, Policy innovation labs, Technical expertise}
}

@article{Radermacher2019Governing-by-the-numbers/statisticalSociety,
    title = {{Governing-by-the-numbers/statistical governance reflections on the future of official statistics in a digital and globalised society}},
    year = {2019},
    journal = {Statistical Journal of the IAOS},
    author = {Radermacher, Walter J},
    number = {Preprint},
    pages = {519--537},
    volume = {35},
    publisher = {IOS Press},
    url = {https://content.iospress.com/articles/statistical-journal-of-the-iaos/sji190562},
    doi = {10.3233/SJI-190562}
}

@misc{Criado2013GovernmentMedia,
    title = {{Government innovation through social media}},
    year = {2013},
    author = {Criado, J Ignacio and Sandoval-Almazan, Rodrigo and Gil-Garcia, J Ramon},
    publisher = {Elsevier},
    isbn = {0740-624X}
}

@article{Papadopoulos2019GradingData,
    title = {{Grading buildings on energy performance using city benchmarking data}},
    year = {2019},
    journal = {Applied Energy},
    author = {Papadopoulos, S. and Kontokosta, C.E.},
    pages = {244--253},
    volume = {233-234},
    doi = {10.1016/j.apenergy.2018.10.053}
}

@article{Papadopoulos2019GradingDatab,
    title = {{Grading buildings on energy performance using city benchmarking data}},
    year = {2019},
    journal = {Applied Energy},
    author = {Papadopoulos, Sokratis and Kontokosta, Constantine E.},
    month = {1},
    pages = {244--253},
    volume = {233-234},
    publisher = {Elsevier Ltd},
    doi = {10.1016/j.apenergy.2018.10.053},
    issn = {03062619},
    keywords = {Building energy performance, City-specific energy benchmarking, Energy disclosure data, Energy efficiency labeling, Machine learning, XGBoost}
}

@article{Kitchenham2007GuidelinesEngineering,
    title = {{Guidelines for performing Systematic Literature Reviews in Software Engineering}},
    year = {2007},
    journal = {Elsevier},
    author = {Kitchenham, B. and Charters, S},
    url = {http://citeseerx.ist.psu.edu/viewdoc/summary?doi=10.1.1.117.471}
}

@inproceedings{Wohlin2014GuidelinesEngineering,
    title = {{Guidelines for snowballing in systematic literature studies and a replication in software engineering}},
    year = {2014},
    booktitle = {ACM International Conference Proceeding Series},
    author = {Wohlin, Claes},
    publisher = {Association for Computing Machinery},
    isbn = {9781450324762},
    doi = {10.1145/2601248.2601268},
    keywords = {Replication, Snowball search, Snowballing, Systematic literature review, Systematic mapping studies}
}

@article{Stewart2017HalfClimate,
    title = {{Half the story : thermal effects on within-host infectious disease progression in a warming climate}},
    year = {2017},
    journal = {Global Change Biology},
    author = {Stewart, A and Hablutzel, PI and Brown, M and Watson, HV and Parker-Norman, S and Tober, AV and Thomason, AG and Friberg, IM and Cable, J and Jackson, JA},
    number = {1},
    pages = {371--386},
    volume = {24},
    doi = {10.1111/(ISSN)1365-2486},
    issn = {1354-1013}
}

@article{ExpertiseCentrumWarmte2019HandreikingAnalyse,
    title = {{Handreiking voor Lokale Analyse}},
    year = {2019},
    journal = {RVO},
    author = {{Expertise Centrum Warmte}}
}

@misc{Yuen2019HighlightsAgreement,
    title = {{Highlights of the Dutch Climate Agreement}},
    year = {2019},
    booktitle = {bakermckenzie.com},
    author = {Yuen, Lin and Karperien, Adinda},
    url = {https://www.bakermckenzie.com/en/insight/publications/2019/07/highlights-of-the-dutch-climate-agreement}
}

@misc{Yuen2019HighlightsAgreementb,
    title = {{Highlights of the Dutch Climate Agreement}},
    year = {2019},
    booktitle = {bakermckenzie.com},
    author = {Yuen, Lin and Karperien, Adinda},
    url = {https://www.bakermckenzie.com/en/insight/publications/2019/07/highlights-of-the-dutch-climate-agreement}
}

@inproceedings{Balaji2019HowProjects,
    title = {{How big data analytics can help future regulatory issues in carbon capture and sequestration CCS projects}},
    year = {2019},
    booktitle = {SPE Western Regional Meeting Proceedings},
    author = {Balaji, K. and Zhou, Z. and Rabiei, M.},
    pages = {},
    volume = {2019}
}

@article{Lin2019HowFluctuations,
    title = {{How to effectively stabilize China's commodity price fluctuations?}},
    year = {2019},
    journal = {Energy Economics},
    author = {Lin, Boqiang and Xu, Bin},
    month = {10},
    volume = {84},
    publisher = {Elsevier B.V.},
    doi = {10.1016/j.eneco.2019.104544},
    issn = {01409883},
    keywords = {Commodity price fluctuations, Driving forces, Nonparametric additive regression models}
}

@article{Denney2013HowReview,
    title = {{How to Write a Literature Review}},
    year = {2013},
    journal = {Journal of Criminal Justice Education},
    author = {Denney, Andrew S. and Tewksbury, Richard},
    number = {2},
    pages = {218--234},
    volume = {24},
    publisher = { Routledge },
    doi = {10.1080/10511253.2012.730617},
    issn = {10511253}
}

@article{Wee2016HowPaper,
    title = {{How to write a literature review paper?}},
    year = {2016},
    journal = {Transport Reviews},
    author = {Wee, Bert Van and Banister, David},
    number = {2},
    pages = {278--288},
    volume = {36},
    publisher = {Taylor {\&} Francis},
    issn = {0144-1647}
}

@article{Wee2016HowPaperb,
    title = {{How to Write a Literature Review Paper?}},
    year = {2016},
    journal = {Transport Reviews},
    author = {Wee, Bert Van and Banister, David},
    number = {2},
    month = {3},
    pages = {278--288},
    volume = {36},
    publisher = {Routledge},
    url = {http://www.tandfonline.com/doi/full/10.1080/01441647.2015.1065456},
    doi = {10.1080/01441647.2015.1065456},
    issn = {0144-1647},
    keywords = {added value, guidelines, literature review, method, paper structure}
}

@article{Shi2015ImpactFeedstocks,
    title = {{Impact of Pretreatment Technologies on Saccharification and Isopentenol Fermentation of Mixed Lignocellulosic Feedstocks}},
    year = {2015},
    journal = {BioEnergy Research},
    author = {Shi, Jian and George, Kevin W and Sun, Ning and He, Wei and Li, Chenlin and Stavila, Vitalie and Keasling, Jay D and Simmons, Blake A and Lee, Taek Soon and Singh, Seema},
    number = {3},
    pages = {1004--1013},
    volume = {8},
    url = {https://doi.org/10.1007/s12155-015-9588-z},
    doi = {10.1007/s12155-015-9588-z},
    issn = {1939-1242}
}

@misc{Hopkins2007ImplicationsReview,
    title = {{Implications of climate change for grassland in Europe: Impacts, adaptations and mitigation options: A review}},
    year = {2007},
    booktitle = {Grass and Forage Science},
    author = {Hopkins, A. and Del Prado, A.},
    number = {2},
    month = {6},
    pages = {118--126},
    volume = {62},
    doi = {10.1111/j.1365-2494.2007.00575.x},
    issn = {01425242},
    keywords = {Carbon dioxide, Climate, Europe, Grassland, Methane, Nitrous oxide}
}

@article{Hopkins2007ImplicationsReviewb,
    title = {{Implications of climate change for grassland in Europe: impacts, adaptations and mitigation options: a review}},
    year = {2007},
    journal = {Grass and Forage Science},
    author = {Hopkins, A. and Del Prado, A.},
    number = {2},
    month = {6},
    pages = {118--126},
    volume = {62},
    url = {http://doi.wiley.com/10.1111/j.1365-2494.2007.00575.x},
    doi = {10.1111/j.1365-2494.2007.00575.x},
    issn = {0142-5242}
}

@article{Feiz2015ImprovingIndustry,
    title = {{Improving the CO2 performance of cement, part II: Framework for assessing CO2 improvement measures in the cement industry}},
    year = {2015},
    journal = {Journal of Cleaner Production},
    author = {Feiz, R and Ammenberg, J and Baas, L and Eklund, M and Helgstrand, A and Marshall, R},
    pages = {282--291},
    volume = {98},
    url = {https://www.scopus.com/inward/record.uri?eid=2-s2.0-84929953931&doi=10.1016%2fj.jclepro.2014.01.103&partnerID=40&md5=d60812d624bd59a7880053a199bd30ce},
    doi = {10.1016/j.jclepro.2014.01.103}
}

@article{Lowe1995IndustrialEcosystems,
    title = {{Industrial ecology and industrial ecosystems}},
    year = {1995},
    journal = {European Roundtable on Cleaner Production Programs},
    author = {Lowe, Ernest A and Evans, Laurence K},
    number = {1},
    pages = {47--53},
    volume = {3},
    url = {http://www.sciencedirect.com/science/article/pii/095965269500045G},
    doi = {10.1016/0959-6526(95)00045-G},
    issn = {0959-6526},
    keywords = {closed-loop systems, industrial ecology, industrial ecosystem}
}

@article{Magnusson2019IndustrialFirm,
    title = {{Industrial ecology and the boundaries of the manufacturing firm}},
    year = {2019},
    journal = {Journal of Industrial Ecology},
    author = {Magnusson, T and Andersson, H and Ottosson, M},
    url = {https://www.scopus.com/inward/record.uri?eid=2-s2.0-85064503736&doi=10.1111%2fjiec.12864&partnerID=40&md5=22727bf7f6baafc4e5ca1e821d501323},
    doi = {10.1111/jiec.12864}
}

@article{Boons2016IndustrialDynamics,
    title = {{Industrial Symbiosis Dynamics and the Problem of Equivalence: Proposal for a Comparative Framework: Industrial Symbiosis Dynamics}},
    year = {2016},
    journal = {Journal of Industrial Ecology},
    author = {Boons, Frank and Chertow, Marian and Park, Jooyoung and Spekkink, Wouter and Shi, Han},
    number = {4},
    pages = {938--952},
    volume = {21},
    publisher = {Wiley Online Library},
    url = {https://onlinelibrary.wiley.com/doi/full/10.1111/jiec.12468},
    doi = {https://doi.org/10.1111/jiec.12468}
}

@article{Morales2019IndustrialStudy,
    title = {{Industrial Symbiosis Dynamics, a Strategy to Accomplish Complex Analysis: The Dunkirk Case Study}},
    year = {2019},
    journal = {MDPI Sustainability},
    author = {Morales, Manuel and Diemer, Arnaud},
    number = {7},
    pages = {1971},
    volume = {11},
    url = {https://www.mdpi.com/2071-1050/11/7/1971},
    doi = {https://doi.org/10.3390/su11071971}
}

@article{Madsen2015IndustrialCompanies,
    title = {{Industrial Symbiosis Exchanges: Developing a Guideline to Companies}},
    year = {2015},
    journal = {Waste and Biomass Valorization},
    author = {Madsen, J K and Boisen, N and Nielsen, L U and Tackmann, L H},
    number = {5},
    pages = {855--864},
    volume = {6},
    url = {https://www.scopus.com/inward/record.uri?eid=2-s2.0-84942431648&doi=10.1007%2fs12649-015-9417-9&partnerID=40&md5=e6a74a0c1aa53b25327b2595696f17bd},
    doi = {10.1007/s12649-015-9417-9}
}

@article{Chertow2000IndustrialTaxonomy,
    title = {{Industrial symbiosis: Literature and taxonomy}},
    year = {2000},
    journal = {Annual Review of Energy and The Environment - ANNU REV ENERG ENVIRON},
    author = {Chertow, Marian},
    pages = {313--337},
    volume = {25},
    doi = {10.1146/annurev.energy.25.1.313}
}

@article{Baldassarre2019IndustrialPerspectives,
    title = {{Industrial Symbiosis: towards a design process for eco-industrial clusters by integrating Circular Economy and Industrial Ecology perspectives}},
    year = {2019},
    journal = {Journal of Cleaner Production},
    author = {Baldassarre, Brian and Schepers, Micky and Bocken, Nancy and Cuppen, Eefje and Korevaar, Gijsbert and Calabretta, Giulia},
    pages = {446--460},
    volume = {216},
    url = {http://www.sciencedirect.com/science/article/pii/S0959652619301027},
    doi = {10.1016/j.jclepro.2019.01.091},
    issn = {0959-6526},
    keywords = {Circular Economy, Eco-industrial clusters, Industrial Ecology, Industrial Symbiosis, Strategic Design, Sustainable Business Model}
}

@article{Yazdanpanah2018IndustrialGames,
    title = {{Industrial Symbiotic Networks as Coordinated Games}},
    year = {2018},
    journal = {European Union’s Horizon 2020 research and innovation programme under grant agreement No. 680843},
    author = {Yazdanpanah, Vahid and Yazan, Devrim Murat and Zijm, W H M},
    url = {https://arxiv.org/pdf/1804.07183.pdf}
}

@article{Kuut2017InfluenceSector,
    title = {{Influence of European Union Directives on the use of liquid biofuel in the transport sector}},
    year = {2017},
    journal = {Procedia Engineering},
    author = {K{\"{u}}{\"{u}}t, Arne and Ilves, Risto and K{\"{u}}{\"{u}}t, Keio and Raide, Veljo and Ritslaid, Kaie and Olt, Jüri},
    pages = {30--39},
    volume = {187},
    publisher = {Elsevier},
    issn = {1877-7058}
}

@book{Halpin2010InformationDatabases,
    title = {{Information modeling and relational databases}},
    year = {2010},
    author = {Halpin, Terry and Morgan, Tony},
    publisher = {Morgan Kaufmann},
    isbn = {0080568734}
}

@article{Velenturf2017InitiatingSymbiosis,
    title = {{Initiating resource partnerships for industrial symbiosis}},
    year = {2017},
    journal = {Regional Studies, Regional Science},
    author = {Velenturf, A P M},
    number = {1},
    pages = {117--124},
    volume = {4},
    url = {https://www.scopus.com/inward/record.uri?eid=2-s2.0-85052000712&doi=10.1080%2f21681376.2017.1328285&partnerID=40&md5=50c2017dc14c81a921973718d9b56bd5},
    doi = {10.1080/21681376.2017.1328285}
}

@article{Janssen2018InnovatingPrepared,
    title = {{Innovating and changing the policy-cycle: Policy-makers be prepared!}},
    year = {2018},
    journal = {Government Information Quarterly},
    author = {Janssen, Marijn and Helbig, Natalie},
    number = {4},
    month = {10},
    pages = {S99-S105},
    volume = {35},
    publisher = {Elsevier BV},
    doi = {10.1016/j.giq.2015.11.009},
    issn = {0740624X}
}

@incollection{Lee2013Introduction:Bioproducts,
    title = {{Introduction: An Overview of Advanced Biofuels and Bioproducts}},
    year = {2013},
    booktitle = {Advanced Biofuels and Bioproducts},
    author = {Lee, James Weifu},
    editor = {Lee, James W},
    pages = {3--12},
    publisher = {Springer New York},
    url = {https://doi.org/10.1007/978-1-4614-3348-4_1},
    address = {New York, NY},
    isbn = {978-1-4614-3348-4},
    doi = {10.1007/978-1-4614-3348-4{\_}1}
}

@article{Wayman2005InvolvingReflection,
    title = {{Involving Teachers in Data-Driven Decision Making: Using Computer Data Systems to Support Teacher Inquiry and Reflection}},
    year = {2005},
    journal = {Journal of Education for Students Placed at Risk (JESPAR)},
    author = {Wayman, Jeffrey C.},
    number = {3},
    month = {7},
    pages = {295--308},
    volume = {10},
    publisher = {Informa UK Limited},
    doi = {10.1207/s15327671espr1003{\_}5},
    issn = {1082-4669}
}

@article{Prieto-Sandoval2018KeyEnterprises,
    title = {{Key elements in assessing circular economy implementation in small and medium-sized enterprises}},
    year = {2018},
    journal = {Business Strategy and the Environment},
    author = {Prieto-Sandoval, V and Ormazabal, M and Jaca, C and Viles, E},
    number = {8},
    pages = {1525--1534},
    volume = {27},
    url = {https://www.scopus.com/inward/record.uri?eid=2-s2.0-85052528720&doi=10.1002%2fbse.2210&partnerID=40&md5=be1207183f11d6a4e4dfb885690bc5d7},
    doi = {10.1002/bse.2210}
}

@article{Brereton2007LessonsDomain,
    title = {{Lessons from applying the systematic literature review process within the software engineering domain}},
    year = {2007},
    journal = {Journal of Systems and Software},
    author = {Brereton, Pearl and Kitchenham, Barbara A. and Budgen, David and Turner, Mark and Khalil, Mohamed},
    number = {4},
    month = {4},
    pages = {571--583},
    volume = {80},
    publisher = {Elsevier},
    doi = {10.1016/j.jss.2006.07.009},
    issn = {01641212},
    keywords = {Empirical software engineering, Systematic literature review}
}

@misc{Allen2003LiabilityChange,
    title = {{Liability for climate change}},
    year = {2003},
    booktitle = {Nature},
    author = {Allen, Myles},
    number = {6926},
    month = {2},
    pages = {891--892},
    volume = {421},
    doi = {10.1038/421891a},
    issn = {00280836}
}

@article{Raut2019LinkingManagement,
    title = {{Linking big data analytics and operational sustainability practices for sustainable business management}},
    year = {2019},
    journal = {Journal of Cleaner Production},
    author = {Raut, R.D. and Mangla, S.K. and Narwane, V.S. and Gardas, B.B. and Priyadarshinee, P. and Narkhede, B.E.},
    pages = {10--24},
    volume = {224},
    doi = {10.1016/j.jclepro.2019.03.181}
}

@article{Raut2019LinkingManagementb,
    title = {{Linking big data analytics and operational sustainability practices for sustainable business management}},
    year = {2019},
    journal = {Journal of Cleaner Production},
    author = {Raut, Rakesh D. and Mangla, Sachin Kumar and Narwane, Vaibhav S. and Gardas, Bhaskar B. and Priyadarshinee, Pragati and Narkhede, Balkrishna E.},
    month = {7},
    pages = {10--24},
    volume = {224},
    publisher = {Elsevier Ltd},
    doi = {10.1016/j.jclepro.2019.03.181},
    issn = {09596526},
    keywords = {Big-data analytics, Ecological-economic-social sustainability, Emerging economies, Green practices, Structural equation modelling-artificial neural network, SustainableOperations management}
}

@article{Godber2014LivestockChange,
    title = {{Livestock and food security: vulnerability to population growth and climate change}},
    year = {2014},
    journal = {Global Change Biology},
    author = {Godber, Olivia F. and Wall, Richard},
    number = {10},
    month = {10},
    pages = {3092--3102},
    volume = {20},
    url = {http://doi.wiley.com/10.1111/gcb.12589},
    doi = {10.1111/gcb.12589},
    issn = {13541013}
}

@article{WeindlI.Lotze-CampenH.PoppA.MullerC.HavlikP.HerreroM.SchmitzC.andRolinski2015LivestockAgriculture,
    title = {{Livestock in a changing climate: production system transitions as an adaptation strategy for agriculture}},
    year = {2015},
    journal = {Environmental Research Letters},
    author = {Weindl, I., Lotze-Campen, H., Popp, A., M{\"{u}}ller, C., Havl{\'{i}}k, P., Herrero, M., Schmitz, C. and Rolinski, S and Weindl, Isabelle and Lotze-Campen, Hermann and Popp, Alexander and M{\"{u}}ller, Christoph and Havl{\'{i}}k, Petr and Herrero, Mario and Schmitz, Christoph and Rolinski, Susanne},
    number = {9},
    pages = {094021},
    volume = {10},
    publisher = {IOP Publishing},
    url = {http://iopscience.iop.org/article/10.1088/1748-9326/10/9/094021/meta},
    doi = {10.1088/1748-9326}
}

@article{Aid2015LooplocalSymbiosis,
    title = {{Looplocal - A heuristic visualization tool to support the strategic facilitation of industrial symbiosis}},
    year = {2015},
    journal = {Journal of Cleaner Production},
    author = {Aid, G and Brandt, N and Lysenkova, M and Smedberg, N},
    pages = {328--335},
    volume = {98},
    url = {https://www.scopus.com/inward/record.uri?eid=2-s2.0-84929966422&doi=10.1016%2fj.jclepro.2014.08.012&partnerID=40&md5=7b6b39b1ae693dd2ac07d64fbf2552e8},
    doi = {10.1016/j.jclepro.2014.08.012}
}

@article{Sharma2019LoweringChemicals,
    title = {{Lowering greenhouse gas (GHG) emissions: techno-economic analysis of biomass conversion to biofuels and value-added chemicals}},
    year = {2019},
    journal = {Greenhouse Gases: Science and Technology},
    author = {Sharma, Anita and Jakhete, Akshay and Sharma, Abhishek and Joshi, Jyeshtharaj B and Pareek, Vishnu},
    number = {3},
    pages = {454--473},
    volume = {9},
    url = {https://onlinelibrary.wiley.com/doi/abs/10.1002/ghg.1867},
    doi = {10.1002/ghg.1867},
    issn = {2152-3878}
}

@article{Marsh200MakingEducation,
    title = {{Making Sense of Data-Driven Decision Making in Education}},
    year = {200},
    author = {Marsh, Julie A. and Pane, John F. and {Hamilton Laura S.}},
    doi = {10.7249/OP170}
}

@article{Musella2016MappingModels,
    title = {{Mapping resource conflicts with probabilistic network models}},
    year = {2016},
    journal = {Journal of Cleaner Production},
    author = {Musella, F. and Bramati, M.C. and Alleva, G.},
    pages = {1463--1477},
    volume = {139},
    doi = {10.1016/j.jclepro.2016.09.025}
}

@article{Musella2016MappingModelsb,
    title = {{Mapping resource conflicts with probabilistic network models}},
    year = {2016},
    journal = {Journal of Cleaner Production},
    author = {Musella, Flaminia and Bramati, Maria Caterina and Alleva, Giorgio},
    month = {12},
    pages = {1463--1477},
    volume = {139},
    publisher = {Elsevier Ltd},
    doi = {10.1016/j.jclepro.2016.09.025},
    issn = {09596526},
    keywords = {Bayesian networks, Outcome prediction, Resource conflict}
}

@article{Seo2008Measuringsup1/sup,
    title = {{Measuring impacts and adaptations to climate change: a structural Ricardian model of African livestock management <sup>1</sup>}},
    year = {2008},
    journal = {Agricultural Economics},
    author = {Seo, S. Niggol and Mendelsohn, Robert},
    number = {2},
    month = {3},
    pages = {151--165},
    volume = {38},
    url = {http://doi.wiley.com/10.1111/j.1574-0862.2008.00289.x},
    doi = {10.1111/j.1574-0862.2008.00289.x},
    issn = {01695150}
}

@article{Cetina1991MertonsScience,
    title = {{Merton's Sociology of Science: The First and the Last Sociology of Science?}},
    year = {1991},
    journal = {Contemporary Sociology},
    author = {Cetina, Karin Knorr},
    number = {4},
    pages = {522--526},
    volume = {20},
    language = {English}
}

@misc{Miles1994MilesAnalysis,
    title = {{Miles and Huberman Chapter 2. Qualitative Data Analysis}},
    year = {1994},
    author = {Miles, M},
    publisher = {London, England. Sage Publication, Inc}
}

@article{Kontokosta2015ModelingPolicy,
    title = {{Modeling the determinants of large-scale building water use: Implications for data-driven urban sustainability policy}},
    year = {2015},
    journal = {Sustainable Cities and Society},
    author = {Kontokosta, C.E. and Jain, R.K.},
    pages = {44--55},
    volume = {18},
    doi = {10.1016/j.scs.2015.05.007}
}

@article{Kontokosta2015ModelingPolicyb,
    title = {{Modeling the determinants of large-scale building water use: Implications for data-driven urban sustainability policy}},
    year = {2015},
    journal = {Sustainable Cities and Society},
    author = {Kontokosta, Constantine E. and Jain, Rishee K.},
    month = {11},
    pages = {44--55},
    volume = {18},
    publisher = {Elsevier Ltd},
    doi = {10.1016/j.scs.2015.05.007},
    issn = {22106707},
    keywords = {Determinant analysis, Urban sustainability, Urban water consumption}
}

@article{Li2019ModelingGrowth,
    title = {{Modeling the evolutionary nexus between carbon dioxide emissions and economic growth}},
    year = {2019},
    journal = {Journal of Cleaner Production},
    author = {Li, W. and Yang, G. and Li, X.},
    pages = {1191--1202},
    volume = {215},
    doi = {10.1016/j.jclepro.2019.01.100}
}

@article{Li2019ModelingGrowthb,
    title = {{Modeling the evolutionary nexus between carbon dioxide emissions and economic growth}},
    year = {2019},
    journal = {Journal of Cleaner Production},
    author = {Li, Wenli and Yang, Guangfei and Li, Xianneng},
    month = {4},
    pages = {1191--1202},
    volume = {215},
    publisher = {Elsevier Ltd},
    doi = {10.1016/j.jclepro.2019.01.100},
    issn = {09596526},
    keywords = {CO 2 emissions, EKC hypothesis, Economic growth, Model selection, Symbolic regression, Time period}
}

@misc{Friege2014ModellingReview,
    title = {{Modelling decisions on energy-efficient renovations: A review}},
    year = {2014},
    booktitle = {Renewable and Sustainable Energy Reviews},
    author = {Friege, Jonas and Chappin, Emile},
    month = {11},
    pages = {196--208},
    volume = {39},
    publisher = {Elsevier Ltd},
    doi = {10.1016/j.rser.2014.07.091},
    issn = {13640321},
    keywords = {Bibliometrics, Citations, Energy efficiency, Incentive instruments, Modelling, Renovation decision}
}

@misc{TPMStudentportal2019MScCoSEM,
    title = {{MSc CoSEM}},
    year = {2019},
    booktitle = {tudelft.nl},
    author = {{TPM Student portal}},
    url = {https://www.tudelft.nl/en/student/faculties/tpm-student-portal/education/master/msc-cosem/}
}

@incollection{Majumder2015MultiMaking,
    title = {{Multi Criteria Decision Making}},
    year = {2015},
    booktitle = {Impact of Urbanization on Water Shortage in Face of Climatic Aberrations},
    author = {Majumder, Mrinmoy},
    pages = {35--47},
    publisher = {Springer Singapore},
    url = {https://doi.org/10.1007/978-981-4560-73-3_2},
    address = {Singapore},
    isbn = {978-981-4560-73-3},
    doi = {10.1007/978-981-4560-73-3{\_}2}
}

@techreport{TriantaphyllouMulti-CriteriaApproach,
    title = {{Multi-Criteria Decision Making: An Operations Research Approach}},
    author = {Triantaphyllou, E and Shu, B and Nieto Sanchez, S and Ray, T},
    keywords = {Decision making, operations research, optimization, pairwise comparisons, sensitivity analysis}
}

@article{Bassamzadeh2017MultiscaleNetworks,
    title = {{Multiscale stochastic prediction of electricity demand in smart grids using Bayesian networks}},
    year = {2017},
    journal = {Applied Energy},
    author = {Bassamzadeh, N. and Ghanem, R.},
    pages = {369--380},
    volume = {193},
    doi = {10.1016/j.apenergy.2017.01.017}
}

@article{Bassamzadeh2017MultiscaleNetworksb,
    title = {{Multiscale stochastic prediction of electricity demand in smart grids using Bayesian networks}},
    year = {2017},
    journal = {Applied Energy},
    author = {Bassamzadeh, Nastaran and Ghanem, Roger},
    pages = {369--380},
    volume = {193},
    publisher = {Elsevier Ltd},
    doi = {10.1016/j.apenergy.2017.01.017},
    issn = {03062619},
    keywords = {Bayesian networks, Forecasting, Machine learning, Prediction, Probabilistic modeling, Smart grid}
}

@misc{ZoetermeerMunicipality2019MunicipalityFigures,
    title = {{Municipality of Zoetermeer Key Figures}},
    year = {2019},
    booktitle = {Gemeente Zoetermeer},
    author = {{Zoetermeer Municipality}},
    url = {https://zoetermeer.incijfers.nl/home}
}

@inproceedings{Sheaffer2016NationalAmerica,
    title = {{National programs to build capacity for effective ISO 50001 implementation in North America}},
    year = {2016},
    booktitle = {Eceee Industrial Summer Study Proceedings},
    author = {Sheaffer, P. and McKane, A. and Therkelsen, P. and Alc{\'{a}}ntar, N.V. and Siciliano, G. and Allard, F.},
    pages = {427--432},
    volume = {2016-Septe},
    isbn = {9789198048285}
}

@article{Gasser2015Negative2C,
    title = {{Negative emissions physically needed to keep global warming below 2{${}^\circ$}C}},
    year = {2015},
    journal = {Nature Communications},
    author = {Gasser, T. and Guivarch, C. and Tachiiri, K. and Jones, C. D. and Ciais, P.},
    month = {8},
    volume = {6},
    publisher = {Nature Publishing Group},
    doi = {10.1038/ncomms8958},
    issn = {20411723}
}

@misc{BBCNewsServices2019NetherlandsEmissions,
    title = {{Netherlands climate change: Court orders bigger cuts in emissions}},
    year = {2019},
    booktitle = {BBC},
    author = {{BBC News Services}},
    url = {https://www.bbc.com/news/world-europe-50864569}
}

@article{Lenhart2015NewSymbiosis,
    title = {{New roles for local authorities in a time of climate change: The Rotterdam Energy Approach and Planning as a case of urban symbiosis}},
    year = {2015},
    journal = {Journal of Cleaner Production},
    author = {Lenhart, J and Van Vliet, B and Mol, A P J},
    pages = {593--601},
    volume = {107},
    url = {https://www.scopus.com/inward/record.uri?eid=2-s2.0-84942983817&doi=10.1016%2fj.jclepro.2015.05.026&partnerID=40&md5=8b79c2f264eb8de68d94d1f17996e4df},
    doi = {10.1016/j.jclepro.2015.05.026}
}

@article{Silvapulle2017NonparametricCountries,
    title = {{Nonparametric panel data model for crude oil and stock market prices in net oil importing countries}},
    year = {2017},
    journal = {Energy Economics},
    author = {Silvapulle, P. and Smyth, R. and Zhang, X. and Fenech, J.-P.},
    pages = {255--267},
    volume = {67},
    doi = {10.1016/j.eneco.2017.08.017}
}

@article{Silvapulle2017NonparametricCountriesb,
    title = {{Nonparametric panel data model for crude oil and stock market prices in net oil importing countries}},
    year = {2017},
    journal = {Energy Economics},
    author = {Silvapulle, Param and Smyth, Russell and Zhang, Xibin and Fenech, Jean Pierre},
    month = {9},
    pages = {255--267},
    volume = {67},
    publisher = {Elsevier B.V.},
    doi = {10.1016/j.eneco.2017.08.017},
    issn = {01409883},
    keywords = {Local linear estimator, Panel data analysis, Time-varying coefficient functions, Time-varying trend functions}
}

@book{Lendaris1964OnSystems,
    title = {{On The Definition Of Self-Organizing Systems}},
    year = {1964},
    author = {Lendaris, George},
    pages = {324},
    volume = {52},
    publisher = {IEEE Xplore},
    url = {https://www.researchgate.net/publication/2987501_On_The_Definition_Of_Self-Organizing_Systems},
    doi = {DOI: 10.1109/PROC.1964.2905}
}

@misc{ZoetermeerMunicipality2019OpenZoetermeer,
    title = {{Open data portaal Gemeente Zoetermeer}},
    year = {2019},
    booktitle = {Gemeente Zoetermeer Open Data},
    author = {{Zoetermeer Municipality}},
    url = {https://opendata-zoetermeer.opendata.arcgis.com/}
}

@article{Millard2018OpenMore,
    title = {{Open governance systems: Doing more with more}},
    year = {2018},
    journal = {Government Information Quarterly},
    author = {Millard, Jeremy},
    number = {4},
    pages = {S77-S87},
    volume = {35},
    publisher = {Elsevier Inc.},
    url = {http://dx.doi.org/10.1016/j.giq.2015.08.003},
    doi = {10.1016/j.giq.2015.08.003},
    issn = {0740624X},
    keywords = {Government as a platform, Open assets, Open engagement, Open governance systems, Open government, Open services, Public value, open governance systems}
}

@article{Singham2015OptimalLevels,
    title = {{Optimal carbon capture and storage contracts using historical CO2 emissions levels}},
    year = {2015},
    journal = {Energy Systems},
    author = {Singham, Dashi I. and Cai, Wenbo and White, Joshua A.},
    number = {3},
    month = {9},
    pages = {331--360},
    volume = {6},
    publisher = {Springer Verlag},
    doi = {10.1007/s12667-015-0142-z},
    issn = {18683975}
}

@article{Singham2015OptimalLevelsb,
    title = {{Optimal carbon capture and storage contracts using historical CO<inf>2</inf> emissions levels}},
    year = {2015},
    journal = {Energy Systems},
    author = {Singham, D.I. and Cai, W. and White, J.A.},
    number = {3},
    pages = {331--360},
    volume = {6},
    doi = {10.1007/s12667-015-0142-z}
}

@article{Wu2019OptimalApproach,
    title = {{Optimal scheduling for microgrids with hydrogen fueling stations considering uncertainty using data-driven approach}},
    year = {2019},
    journal = {Applied Energy},
    author = {Wu, X. and Qi, S. and Wang, Z. and Duan, C. and Wang, X. and Li, F.},
    pages = {},
    volume = {253},
    doi = {10.1016/j.apenergy.2019.113568}
}

@article{Wu2019OptimalApproachb,
    title = {{Optimal scheduling for microgrids with hydrogen fueling stations considering uncertainty using data-driven approach}},
    year = {2019},
    journal = {Applied Energy},
    author = {Wu, X. and Qi, Shixiong and Wang, Zhao and Duan, Chao and Wang, X. and Li, Furong},
    month = {11},
    volume = {253},
    publisher = {Elsevier Ltd},
    doi = {10.1016/j.apenergy.2019.113568},
    issn = {03062619},
    keywords = {Data-driven, Hydrogen fueling stations, Hydrogen vehicles, Microgrids, Scheduling, Uncertainty}
}

@book{Walls2015OrganizationalSynthesis,
    title = {{Organizational Perspectives of Industrial Symbiosis: A Review and Synthesis}},
    year = {2015},
    author = {Walls, Judith},
    pages = {32},
    volume = {28},
    publisher = {Organization {\&} Environment},
    url = {https://www.researchgate.net/publication/276195799_Organizational_Perspectives_of_Industrial_Symbiosis_A_Review_and_Synthesis},
    doi = {10.1177/1086026615575333}
}

@article{Cooper1988OrganizingReviews,
    title = {{Organizing knowledge syntheses: A taxonomy of literature reviews}},
    year = {1988},
    journal = {Knowledge in society},
    author = {Cooper, Harris M},
    number = {1},
    pages = {104},
    volume = {1},
    publisher = {Springer},
    issn = {0897-1986}
}

@inproceedings{Offermann2009OutlineProcess,
    title = {{Outline of a design science research process}},
    year = {2009},
    booktitle = {Proceedings of the 4th International Conference on Design Science Research in Information Systems and Technology, DESRIST '09},
    author = {Offermann, Philipp and Levina, Olga and Sch{\"{o}}nherr, Marten and Bub, Udo},
    pages = {1},
    publisher = {ACM Press},
    url = {http://portal.acm.org/citation.cfm?doid=1555619.1555629},
    address = {New York, New York, USA},
    isbn = {9781605584089},
    doi = {10.1145/1555619.1555629},
    keywords = {Design science, Qualitative research, Quantitative research, Research process}
}

@article{BoleM.2010OvercomingFinancing,
    title = {{Overcoming the initial investment hurdle for advanced biofuels: An analysis of biofuel-related risks and their impact on project financing}},
    year = {2010},
    journal = {ELOBIO},
    author = {Bole M., T.Londo and van Stralen, J and Uslu, A},
    volume = {WP7}
}

@article{Wang2010ParallelApplications,
    title = {{Parallel control and management for intelligent transportation systems: Concepts, architectures, and applications}},
    year = {2010},
    journal = {IEEE Transactions on Intelligent Transportation Systems},
    author = {Wang, Fei Yue},
    number = {3},
    month = {9},
    pages = {630--638},
    volume = {11},
    doi = {10.1109/TITS.2010.2060218},
    issn = {15249050},
    keywords = {ACP, cloud computing, cyberphysical-social systems (CPSS), data-driven decision making, parallel control, parallel management, traffic control and management}
}

@article{UnitedNations2015ParisEnglish,
    title = {{Paris Agreement Text English}},
    year = {2015},
    journal = {Paris Agreement},
    author = {{United Nations}},
    url = {https://unfccc.int/files/essential_background/convention/application/pdf/english_paris_agreement.pdf}
}

@incollection{Foust2015PartnershipsTechnologies,
    title = {{Partnerships, Future, and Emerging Technologies}},
    year = {2015},
    booktitle = {Industrial Crops: Breeding for BioEnergy and Bioproducts},
    author = {Foust, Thomas D},
    editor = {Cruz, Von Mark V and Dierig, David A},
    pages = {407--427},
    publisher = {Springer New York},
    url = {https://doi.org/10.1007/978-1-4939-1447-0_19},
    address = {New York, NY},
    isbn = {978-1-4939-1447-0},
    doi = {10.1007/978-1-4939-1447-0{\_}19}
}

@misc{Tebaldi2014PatternSimulations,
    title = {{Pattern scaling: Its strengths and limitations, and an update on the latest model simulations}},
    year = {2014},
    booktitle = {Climatic Change},
    author = {Tebaldi, Claudia and Arblaster, Julie M.},
    number = {3},
    pages = {459--471},
    volume = {122},
    publisher = {Kluwer Academic Publishers},
    doi = {10.1007/s10584-013-1032-9},
    issn = {01650009}
}

@article{Madadian2019PelletizedAnalysis,
    title = {{Pelletized Composite Wood Fiber Mixed with Plastic as Advanced Solid Biofuels: Physico-Chemo-Mechanical Analysis}},
    year = {2019},
    journal = {Waste and Biomass Valorization},
    author = {Madadian, E and Akbarzadeh, A H and Orsat, V and Lefsrud, M},
    number = {3},
    pages = {721--732},
    volume = {10},
    url = {https://doi.org/10.1007/s12649-017-0080-1},
    doi = {10.1007/s12649-017-0080-1},
    issn = {1877-265X}
}

@article{Grison2017PhytotechnologyFuture,
    title = {{Phytotechnology recovery and green chemistry: A symbiosis for the future}},
    shorttitle = {Phytotechnologies rem{\'{e}}diatrices et chimie verte},
    year = {2017},
    journal = {Actualite Chimique},
    author = {Grison, C and Stanovych, A and Deyris, P A},
    number = {414},
    pages = {II-XII},
    url = {https://www.scopus.com/inward/record.uri?eid=2-s2.0-85032835924&partnerID=40&md5=8f115eba414f82a464d2d81e8f55f93c}
}

@inproceedings{Jia2017PlanningBeijing,
    title = {{Planning for electric taxi charging system from the perspective of transport energy supply chain: A data-driven approach in Beijing}},
    year = {2017},
    booktitle = {2017 IEEE Transportation Electrification Conference and Expo, Asia-Pacific, ITEC Asia-Pacific 2017},
    author = {Jia, Y. and Chen, H. and Li, J. and He, F. and Li, M. and Hu, Z. and Shen, Z.-J.M.},
    pages = {},
    isbn = {9781538628942},
    doi = {10.1109/ITEC-AP.2017.8080844}
}

@inproceedings{Jia2017PlanningBeijingb,
    title = {{Planning for electric taxi charging system from the perspective of transport energy supply chain: A data-driven approach in Beijing}},
    year = {2017},
    booktitle = {2017 IEEE Transportation Electrification Conference and Expo, Asia-Pacific, ITEC Asia-Pacific 2017},
    author = {Jia, Yinghao and Chen, Huimiao and Li, Jiaoyang and He, Fang and Li, Meng and Hu, Zechun and Shen, Zuo Jun Max},
    month = {10},
    publisher = {Institute of Electrical and Electronics Engineers Inc.},
    isbn = {9781538628942},
    doi = {10.1109/ITEC-AP.2017.8080844},
    keywords = {Charging station planning, Data-driven approach, Electric taxis, Transport energy supply chain}
}

@article{Port-of-Rotterdam2018PlugPossibilities.,
    title = {{Plug in To The {\#}1 Bio Port. Open A World of Possibilities.}},
    year = {2018},
    journal = {Make It Happen.},
    author = {{Port-of-Rotterdam}}
}

@article{Port-of-Rotterdam2018PlugHappen.,
    title = {{Plug in To The {\#}1 Bio Port. Open A World of Possibilities. Make It Happen.}},
    year = {2018},
    journal = {Make It Happen},
    author = {{Port-of-Rotterdam}}
}

@inproceedings{Yu2017PosterUSA,
    title = {{Poster abstract: The heterogeneity of thermal sensitivity of residential electricity load between China and USA}},
    year = {2017},
    booktitle = {BuildSys 2017 - Proceedings of the 4th ACM International Conference on Systems for Energy-Efficient Built Environments},
    author = {Yu, J. and Gao, Q. and Zhou, Y. and Tan, C.-W. and Tabone, M. and Kiliccote, S. and Wu, L. and Rajagopal, R.},
    pages = {},
    volume = {2017-Janua},
    isbn = {9781450354769},
    doi = {10.1145/3137133.3141450}
}

@inproceedings{Yu2017PosterUSAb,
    title = {{Poster abstract: The heterogeneity of thermal sensitivity of residential electricity load between China and USA}},
    year = {2017},
    booktitle = {BuildSys 2017 - Proceedings of the 4th ACM International Conference on Systems for Energy-Efficient Built Environments},
    author = {Yu, Jiafan and Gao, Qing and Zhou, Yang and Tan, Chin Woo and Tabone, Michaelangelo and Kiliccote, Sila and Wu, Libo and Rajagopal, Ram},
    month = {11},
    volume = {2017-January},
    publisher = {Association for Computing Machinery, Inc},
    isbn = {9781450354769},
    doi = {10.1145/3137133.3141450}
}

@article{Kandhola2017PretreatmentsReview,
    title = {{Pretreatments for Enhanced Enzymatic Hydrolysis of Pinewood: a Review}},
    year = {2017},
    journal = {BioEnergy Research},
    author = {Kandhola, Gurshagan and Djioleu, Angele and Carrier, D Julie and Kim, Jin-Woo},
    number = {4},
    pages = {1138--1154},
    volume = {10},
    url = {https://doi.org/10.1007/s12155-017-9862-3},
    doi = {10.1007/s12155-017-9862-3},
    issn = {1939-1242}
}

@article{Yu2014ProcessChina,
    title = {{Process analysis of eco-industrial park development - The case of Tianjin, China}},
    year = {2014},
    journal = {Journal of Cleaner Production},
    author = {Yu, C and De Jong, M and Dijkema, G P J},
    pages = {464--477},
    volume = {64},
    url = {https://www.scopus.com/inward/record.uri?eid=2-s2.0-84890312239&doi=10.1016%2fj.jclepro.2013.09.002&partnerID=40&md5=6cbc49b1d3f0614e4020c8d7cd0c1cf8},
    doi = {10.1016/j.jclepro.2013.09.002}
}

@techreport{GrootKormelink-TBM2018ProcessingPrivacy,
    title = {{Processing personal data by students: guidelines for data protection and privacy}},
    year = {2018},
    author = {Groot Kormelink - TBM, Joost},
    url = {https://hubform.it/servizi/}
}

@article{InternationalEnergyAgency2013ProductionFuels,
    title = {{Production costs of alternative transportation fuels}},
    year = {2013},
    journal = {Featured Insights Alternative Fuel FINAL},
    author = {{International Energy Agency}},
    url = {https://webstore.iea.org/production-costs-of-alternative-transportation-fuels}
}

@article{Sheffield2008ProjectedSimulations,
    title = {{Projected changes in drought occurrence under future global warming from multi-model, multi-scenario, IPCC AR4 simulations}},
    year = {2008},
    journal = {Climate Dynamics},
    author = {Sheffield, Justin and Wood, Eric F.},
    number = {1},
    month = {6},
    pages = {79--105},
    volume = {31},
    doi = {10.1007/s00382-007-0340-z},
    issn = {09307575}
}

@article{Romero2014ProposalEco-systems,
    title = {{Proposal of an agent-based analytical model to convert industrial areas in industrial eco-systems}},
    year = {2014},
    journal = {Science of the Total Environment},
    author = {Romero, E and Ruiz, M C},
    pages = {394--405},
    volume = {468-469},
    url = {https://www.scopus.com/inward/record.uri?eid=2-s2.0-84884258798&doi=10.1016%2fj.scitotenv.2013.08.049&partnerID=40&md5=3d72169e00644a5071c9030d7d9f355a},
    doi = {10.1016/j.scitotenv.2013.08.049}
}

@incollection{Helmke2020ProvisionModel,
    title = {{Provision of climate services—The XDC model}},
    year = {2020},
    booktitle = {Climate Change Management},
    author = {Helmke, Hannah and Hafner, Hans Peter and Gebert, Fabian and Pankiewicz, Ari},
    pages = {223--249},
    publisher = {Springer},
    doi = {10.1007/978-3-030-36875-3{\_}12},
    issn = {16102010},
    keywords = {Climate change, Climate metrics, Forward-looking information, Scenario analysis, XDC model}
}

@article{Fuller2016PublicStates,
    title = {{Public policy labs in European Union member states}},
    year = {2016},
    journal = {Publications Office of the European Union},
    author = {Fuller, Matt and Lochard, Anna},
    url = {https://ec.europa.eu/jrc/en/publication/public-policy-labs-european-union-member-states}
}

@article{Rixen2014PuttingChange,
    title = {{Putting path dependence in its place: toward a Taxonomy of institutional change}},
    year = {2014},
    journal = {Journal of Theoretical Politics},
    author = {Rixen, Thomas and Viola, Lora Anne},
    number = {2},
    pages = {301--323},
    volume = {27},
    url = {https://doi.org/10.1177/0951629814531667},
    doi = {10.1177/095162981453166710.1177/0951629814531667</p>},
    issn = {0951-6298}
}

@article{Baxter2008QualitativeResearchers,
    title = {{Qualitative case study methodology: Study design and implementation for novice researchers}},
    year = {2008},
    journal = {The qualitative report},
    author = {Baxter, Pamela and Jack, Susan},
    number = {4},
    pages = {544--559},
    volume = {13},
    issn = {1052-0147}
}

@article{Sukumar2015QualityCare,
    title = {{Quality of Big Data in health care}},
    year = {2015},
    journal = {International Journal of Health Care Quality Assurance},
    author = {Sukumar, Sreenivas R. and Natarajan, Ramachandran and Ferrell, Regina K.},
    number = {6},
    month = {7},
    pages = {621--634},
    volume = {28},
    publisher = {Emerald Group Publishing Ltd.},
    doi = {10.1108/IJHCQA-07-2014-0080},
    issn = {09526862},
    keywords = {Big Data analytics, Data handling, Data quality, Health care analytics, Health care claims, Health information technology}
}

@misc{Mitchell2016RealizingWorld,
    title = {{Realizing the impacts of a 1.5 {${}^\circ$}C warmer world}},
    year = {2016},
    booktitle = {Nature Climate Change},
    author = {Mitchell, Daniel and James, Rachel and Forster, Piers M. and Betts, Richard A. and Shiogama, Hideo and Allen, Myles},
    number = {8},
    month = {8},
    pages = {735--737},
    volume = {6},
    publisher = {Nature Publishing Group},
    doi = {10.1038/nclimate3055},
    issn = {17586798}
}

@article{Hajarini2019RecentCountries,
    title = {{Recent Industrial Symbiosis Facilitation Focus and Framework: Comparative Review on European Countries}},
    year = {2019},
    journal = {CoSEM Reserach Challenge},
    author = {Hajarini, Mustika Siti},
    keywords = {Industrial Symbiosis}
}

@article{Brocke2009RECONSTRUCTINGPROCESS,
    title = {{RECONSTRUCTING THE GIANT: ON THE IMPORTANCE OF RIGOUR IN DOCUMENTING THE LITERATURE SEARCH PROCESS}},
    year = {2009},
    journal = {ECIS 2009 Proceedings},
    author = {Brocke, Jan and Simons, Alexander and Niehaves, Bjoern and Niehaves, Bjorn and Reimer, Kai and Plattfaut, Ralf and Cleven, Anne},
    month = {1},
    url = {https://aisel.aisnet.org/ecis2009/161}
}

@article{Brocke2009ReconstructingProcessb,
    title = {{Reconstructing the Giant: On the Importance of Rigour in Documenting the Literature Search Process}},
    year = {2009},
    journal = {ECIS 2009 Proceedings},
    author = {Brocke, Jan and Simons, Alexander and Niehaves, Bjoern and Niehaves, Bjorn and Reimer, Kai and Plattfaut, Ralf and Cleven, Anne},
    month = {1},
    url = {https://aisel.aisnet.org/ecis2009/161}
}

@article{Roche2018REDBlunder,
    title = {{RED II – Europe’s €25 billion blunder}},
    year = {2018},
    journal = {EURACTIV.com Ltd.},
    author = {Roche, Dick},
    url = {https://www.euractiv.com/section/agriculture-food/opinion/europes-advanced-biofuels-wish-a-e25-billion-blunder/}
}

@article{Shah2018RegulatoryBarbuda,
    title = {{Regulatory impact assessment for implementing energy efficient lighting standards in the small island developing state of Antigua {\&} Barbuda}},
    year = {2018},
    journal = {Energy Strategy Reviews},
    author = {Shah, Kalim U.},
    month = {11},
    pages = {216--229},
    volume = {22},
    publisher = {Elsevier Ltd},
    doi = {10.1016/j.esr.2018.09.001},
    issn = {2211467X},
    keywords = {Antigua and Barbuda, Caribbean, Conformity assessment, Energy efficiency, Energy policy, Lighting, Policy analysis, Regulatory impact assessment, Standards}
}

@article{Shah2018RegulatoryBarbudab,
    title = {{Regulatory impact assessment for implementing energy efficient lighting standards in the small island developing state of Antigua {\&}amp; Barbuda}},
    year = {2018},
    journal = {Energy Strategy Reviews},
    author = {Shah, K.U.},
    pages = {216--229},
    volume = {22},
    doi = {10.1016/j.esr.2018.09.001}
}

@article{European-Comission2019ReportRegions,
    title = {{Report from The Commission to the European Parliament, the Council, the European Economic and Social Committee, and the Committee of the Regions}},
    year = {2019},
    journal = {Renewable Energy Progress Report},
    author = {{European-Comission}},
    number = {Brussel COM(2019) 225 final}
}

@article{Creswell1994ResearchApproach,
    title = {{Research design: Qualitative and quantitative approach}},
    year = {1994},
    journal = {London: Publications},
    author = {Creswell, John W}
}

@article{Kern2008RestructuringNetherlands,
    title = {{Restructuring energy systems for sustainability? Energy transition policy in the Netherlands}},
    year = {2008},
    journal = {Energy Policy},
    author = {Kern, Florian and Smith, Adrian},
    doi = {10.1016/j.enpol.2008.06.018},
    issn = {03014215},
    keywords = {Dutch energy transition, Socio-technical systems, Transition management}
}

@article{Galeotti1999RicherCountries,
    title = {{Richer and cleaner? A study on carbon dioxide emissions in developing countries}},
    year = {1999},
    journal = {Energy Policy},
    author = {Galeotti, M. and Lanza, A.},
    number = {10},
    pages = {565--573},
    volume = {27},
    doi = {10.1016/S0301-4215(99)00047-6}
}

@article{Galeotti1999RicherCountriesb,
    title = {{Richer and cleaner? A study on carbon dioxide emissions in developing countries}},
    year = {1999},
    journal = {Energy Policy},
    author = {Galeotti, Marzio and Lanza, Alessandro},
    number = {10},
    month = {10},
    pages = {565--573},
    volume = {27},
    doi = {10.1016/S0301-4215(99)00047-6},
    issn = {03014215},
    keywords = {CO2 emissions, Environment, Growth, Panel data}
}

@article{J.vanBarneveldC.vonDaniels2019RotterdamOpportunities,
    title = {{Rotterdam Towards a Circular Port: A deep dive into Waste-to-Value opportunities}},
    year = {2019},
    journal = {Port of Rotterdam},
    author = {J. van Barneveld C. von Daniels, T Veldboer}
}

@article{Matsuoka1995ScenarioAIM,
    title = {{Scenario analysis of global warming using the Asian Pacific Integrated Model (AIM)}},
    year = {1995},
    journal = {Energy Policy},
    author = {Matsuoka, Yuzuru and Kainuma, Mikiko and Morita, Tsuneyuki},
    number = {4-5},
    pages = {357--371},
    volume = {23},
    doi = {10.1016/0301-4215(95)90160-9},
    issn = {03014215},
    keywords = {Global climate change, Integrated assessment, Regional emissions and impacts}
}

@article{biofuel.org.uk2010SecondCompanies,
    title = {{Second Generation Biofuel Companies}},
    year = {2010},
    journal = {Biofuel.org.uk},
    author = {{biofuel.org.uk}},
    url = {http://biofuel.org.uk/second-generation-biofuel-companies.html}
}

@article{Ameyaw2018SectoralTechnique,
    title = {{Sectoral energy demand forecasting under an assumption-free data-driven technique}},
    year = {2018},
    journal = {Sustainability (Switzerland)},
    author = {Ameyaw, B. and Yao, L.},
    number = {7},
    pages = {},
    volume = {10},
    doi = {10.3390/su10072348}
}

@article{Ameyaw2018SectoralTechniqueb,
    title = {{Sectoral energy demand forecasting under an assumption-free data-driven technique}},
    year = {2018},
    journal = {Sustainability (Switzerland)},
    author = {Ameyaw, Bismark and Yao, Li},
    number = {7},
    month = {7},
    volume = {10},
    publisher = {MDPI AG},
    doi = {10.3390/su10072348},
    issn = {20711050},
    keywords = {Energy consumption, Energy policies, Forecasting, Gated Recurrent Unit (GRU), U.S}
}

@inproceedings{Mehrtash2018Security-ConstrainedData,
    title = {{Security-Constrained Transmission Expansion Planning with Risk Index of N-1 Security Obtained from PMU Data}},
    year = {2018},
    booktitle = {IEEE Power and Energy Society General Meeting},
    author = {Mehrtash, M. and Mohammadi, A. and Barati, M. and Kargarian, A.},
    pages = {},
    volume = {2018-Augus},
    isbn = {9781538677032},
    doi = {10.1109/PESGM.2018.8586627}
}

@inproceedings{Mehrtash2018Security-ConstrainedDatab,
    title = {{Security-Constrained Transmission Expansion Planning with Risk Index of N-1 Security Obtained from PMU Data}},
    year = {2018},
    booktitle = {IEEE Power and Energy Society General Meeting},
    author = {Mehrtash, M. and Mohammadi, A. and Barati, M. and Kargarian, A.},
    month = {12},
    volume = {2018-August},
    publisher = {IEEE Computer Society},
    isbn = {9781538677032},
    doi = {10.1109/PESGM.2018.8586627},
    issn = {19449933},
    keywords = {Data-driven transmission expansion planning, N-1 security criterion, Performance indices, Phasor measurement units, Risk analysis}
}

@inproceedings{Mbuwir2018Self-learningMicrogrid,
    title = {{Self-learning agent for battery energy management in a residential microgrid}},
    year = {2018},
    booktitle = {Proceedings - 2018 IEEE PES Innovative Smart Grid Technologies Conference Europe, ISGT-Europe 2018},
    author = {Mbuwir, B.V. and Spiessens, F. and Deconinck, G.},
    pages = {},
    isbn = {9781538645055},
    doi = {10.1109/ISGTEurope.2018.8571568}
}

@inproceedings{Mbuwir2018Self-learningMicrogridb,
    title = {{Self-learning agent for battery energy management in a residential microgrid}},
    year = {2018},
    booktitle = {Proceedings - 2018 IEEE PES Innovative Smart Grid Technologies Conference Europe, ISGT-Europe 2018},
    author = {Mbuwir, Brida V. and Spiessens, Fred and Deconinck, Geert},
    month = {12},
    publisher = {Institute of Electrical and Electronics Engineers Inc.},
    isbn = {9781538645055},
    doi = {10.1109/ISGTEurope.2018.8571568},
    keywords = {Energy management, microgrid, policy iteration, reinforcement learning}
}

@article{Trokanas2015SemanticSymbiosis,
    title = {{Semantic approach for pre-assessment of environmental indicators in Industrial Symbiosis}},
    year = {2015},
    journal = {Journal of Cleaner Production},
    author = {Trokanas, N and Cecelja, F and Raafat, T},
    pages = {349--361},
    volume = {96},
    url = {https://www.scopus.com/inward/record.uri?eid=2-s2.0-84928203629&doi=10.1016%2fj.jclepro.2013.12.046&partnerID=40&md5=efe1a67c2632a47180765cda7625b60c},
    doi = {10.1016/j.jclepro.2013.12.046}
}

@article{Brand1999SharedEstates,
    title = {{Shared responsibility at the regional level: The building of sustainable industrial estates}},
    year = {1999},
    journal = {European Environment},
    author = {Brand, E and De Bruijn, T},
    number = {6},
    pages = {221--231},
    volume = {9},
    url = {https://www.scopus.com/inward/record.uri?eid=2-s2.0-0033402376&doi=10.1002%2f%28SICI%291099-0976%28199911%2f12%299%3a6%3c221%3a%3aAID-EET209%3e3.0.CO%3b2-Z&partnerID=40&md5=4248392644655a6cef1715424d31d0c2},
    doi = {10.1002/(SICI)1099-0976(199911/12)9:6<221::AID-EET209>3.0.CO;2-Z}
}

@article{Manson2001SimplifyingTheory,
    title = {{Simplifying complexity: A review of complexity theory}},
    year = {2001},
    journal = {Geoforum},
    author = {Manson, Steven M.},
    number = {3},
    pages = {405--414},
    volume = {32},
    doi = {10.1016/S0016-7185(00)00035-X},
    issn = {00167185},
    keywords = {Chaos, Complexity theory, Emergence, Self-organization}
}

@misc{Pieters2019SlightGoals,
    title = {{Slight decrease in Dutch emissions; much more needed to achieve climate goals}},
    year = {2019},
    booktitle = {NLTimes.nl},
    author = {Pieters, Janene},
    url = {https://nltimes.nl/2019/09/11/slight-decrease-dutch-emissions-much-needed-achieve-climate-goals}
}

@inproceedings{Papadopoulos2017SpatialData,
    title = {{Spatial and geographic patterns of building energy performance: A cross-city comparative analysis of large-scale data}},
    year = {2017},
    booktitle = {International Conference on Sustainable Infrastructure 2017: Technology - Proceedings of the International Conference on Sustainable Infrastructure 2017},
    author = {Papadopoulos, S. and Bonczak, B. and Kontokosta, C.E.},
    pages = {336--348},
    isbn = {9780784481219},
    doi = {10.1061/9780784481219.030}
}

@inproceedings{Papadopoulos2017SpatialDatab,
    title = {{Spatial and geographic patterns of building energy performance: A cross-city comparative analysis of large-scale data}},
    year = {2017},
    booktitle = {International Conference on Sustainable Infrastructure 2017: Technology - Proceedings of the International Conference on Sustainable Infrastructure 2017},
    author = {Papadopoulos, Sokratis and Bonczak, Bartosz and Kontokosta, Constantine E.},
    pages = {336--348},
    publisher = {American Society of Civil Engineers (ASCE)},
    isbn = {9780784481219},
    doi = {10.1061/9780784481219.030}
}

@book{Veit2014SpringerEra,
    title = {{Springer Texts in Business and Economics Foundations of Digital Government Leading and Managing in the Digital Era}},
    year = {2014},
    author = {Veit, Daniel and Huntgeburth, Jan},
    publisher = {Springer},
    url = {https://www.springer.com/gp/book/9783642385100},
    isbn = {9783642385100}
}

@article{European-Comission2011StateProject,
    title = {{State aid: Commission approves Swedish €55 million aid for «Domsj{\"{o}}» R{\&}D project}},
    year = {2011},
    journal = {European Comission},
    author = {{European-Comission}},
    edition = {26 January 2011},
    url = {https://ec.europa.eu/commission/presscorner/detail/en/IP_11_67}
}

@article{Shang2020StochasticApproach,
    title = {{Stochastic dispatch of energy storage in microgrids: An augmented reinforcement learning approach}},
    year = {2020},
    journal = {Applied Energy},
    author = {Shang, Y. and Wu, W. and Guo, J. and Ma, Z. and Sheng, W. and Lv, Z. and Fu, C.},
    pages = {},
    volume = {261},
    doi = {10.1016/j.apenergy.2019.114423}
}

@article{Shang2020StochasticApproachb,
    title = {{Stochastic dispatch of energy storage in microgrids: An augmented reinforcement learning approach}},
    year = {2020},
    journal = {Applied Energy},
    author = {Shang, Yuwei and Wu, Wenchuan and Guo, Jianbo and Ma, Zhao and Sheng, Wanxing and Lv, Zhe and Fu, Chenran},
    month = {3},
    volume = {261},
    publisher = {Elsevier Ltd},
    doi = {10.1016/j.apenergy.2019.114423},
    issn = {03062619},
    keywords = {Dynamic dispatch, Energy storage, Microgrid, Reinforcement learning, Volatile energy resource}
}

@article{Leu2013Substrate-RelatedUnderstanding,
    title = {{Substrate-Related Factors Affecting Enzymatic Saccharification of Lignocelluloses: Our Recent Understanding}},
    year = {2013},
    journal = {BioEnergy Research},
    author = {Leu, Shao-Yuan and Zhu, J Y},
    number = {2},
    pages = {405--415},
    volume = {6},
    url = {https://doi.org/10.1007/s12155-012-9276-1},
    doi = {10.1007/s12155-012-9276-1},
    issn = {1939-1242}
}

@book{Matland1995SynthesizingTheory,
    title = {{Synthesizing the Implementation Literature: The Ambiguity-Conflict Model of Policy Implementation." Journal of Public Administration Research and Theory}},
    year = {1995},
    author = {Matland, Richard},
    pages = {145},
    volume = {5},
    publisher = {Journal of Public Administration Research and Theory},
    doi = {10.1093/oxfordjournals.jpart.a037242}
}

@misc{Kitchenham2009SystematicReview,
    title = {{Systematic literature reviews in software engineering - A systematic literature review}},
    year = {2009},
    booktitle = {Information and Software Technology},
    author = {Kitchenham, Barbara and Pearl Brereton, O. and Budgen, David and Turner, Mark and Bailey, John and Linkman, Stephen},
    number = {1},
    month = {1},
    pages = {7--15},
    volume = {51},
    doi = {10.1016/j.infsof.2008.09.009},
    issn = {09505849},
    keywords = {Cost estimation, Evidence-based software engineering, Systematic literature review, Systematic review quality, Tertiary study}
}

@inproceedings{Jalali2012SystematicSnowballing,
    title = {{Systematic literature studies: Database searches vs. backward snowballing}},
    year = {2012},
    booktitle = {International Symposium on Empirical Software Engineering and Measurement},
    author = {Jalali, Samireh and Wohlin, Claes},
    pages = {29--38},
    doi = {10.1145/2372251.2372257},
    issn = {19493770},
    keywords = {Agile practices, Global software engineering, Snowballing, Systematic literature review}
}

@article{Liu2015TechnicalY-50464,
    title = {{Technical Assessment of Cellulosic Ethanol Production Using {$\beta$}-Glucosidase Producing Yeast Clavispora NRRL Y-50464}},
    year = {2015},
    journal = {BioEnergy Research},
    author = {Liu, Z Lewis and Cotta, Michael A},
    number = {3},
    pages = {1203--1211},
    volume = {8},
    url = {https://doi.org/10.1007/s12155-014-9575-9},
    doi = {10.1007/s12155-014-9575-9},
    issn = {1939-1242}
}

@misc{Peters2016TheChoices,
    title = {{The 'best available science' to inform 1.5 {${}^\circ$}c policy choices}},
    year = {2016},
    booktitle = {Nature Climate Change},
    author = {Peters, Glen P.},
    number = {7},
    month = {7},
    pages = {646--649},
    volume = {6},
    publisher = {Nature Publishing Group},
    doi = {10.1038/nclimate3000},
    issn = {17586798}
}

@article{Pleatsikas2001THEINNOVATION,
    title = {{THE ANALYSIS OF MARKET DEFINITION AND MARKET POWER IN THE CONTEXT OF RAPID INNOVATION}},
    year = {2001},
    journal = {International Journal of Industrial Organization},
    author = {Pleatsikas, Christopher and David, Teece},
    pages = {665--693},
    volume = {19}
}

@article{Liu2016TheChallenges,
    title = {{The application of life cycle assessments to the evaluation of the environmental benefits of industrial symbioses: Research progress and challenges}},
    year = {2016},
    journal = {Shengtai Xuebao/ Acta Ecologica Sinica},
    author = {Liu, J R and Yan, Y T and Nie, X R and Yan, L},
    number = {22},
    pages = {7202--7207},
    volume = {36},
    url = {https://www.scopus.com/inward/record.uri?eid=2-s2.0-85006142644&doi=10.5846%2fstxb201411032156&partnerID=40&md5=af14bff76483c4aabf760b8f8cbc05cc},
    doi = {10.5846/stxb201411032156}
}

@book{Yin2004TheAnthology,
    title = {{The case study anthology}},
    year = {2004},
    author = {Yin, Robert K},
    publisher = {Sage},
    isbn = {0761929266}
}

@article{Yin1981TheStrategy,
    title = {{The case study as a serious research strategy}},
    year = {1981},
    journal = {Knowledge},
    author = {Yin, Robert K},
    number = {1},
    pages = {97--114},
    volume = {3},
    publisher = {Sage Publications Sage CA: Thousand Oaks, CA},
    issn = {0164-0259}
}

@article{Yin1981TheAnswers,
    title = {{The case study crisis: Some answers}},
    year = {1981},
    journal = {Administrative science quarterly},
    author = {Yin, Robert K},
    number = {1},
    pages = {58--65},
    volume = {26},
    publisher = {JSTOR},
    issn = {0001-8392}
}

@article{Brous2020TheOrganizations,
    title = {{The dual effects of the Internet of Things (IoT): A systematic review of the benefits and risks of IoT adoption by organizations}},
    year = {2020},
    journal = {International Journal of Information Management},
    author = {Brous, Paul and Janssen, Marijn and Herder, Paulien},
    pages = {101952},
    volume = {51},
    url = {https://linkinghub.elsevier.com/retrieve/pii/S0268401218309022},
    doi = {10.1016/J.IJINFOMGT.2019.05.008},
    issn = {0268-4012}
}

@techreport{Beckman2019TheTransition,
    title = {{The great Dutch gas transition}},
    year = {2019},
    author = {Beckman, K. and van den Beukel, J.},
    url = {https://hcss.nl/report/groningen-gas-loss-social-license-operate},
    institution = {Oxford Energy Insight}
}

@inproceedings{Biondi2016TheCase,
    title = {{The impact of regulated electric fleets on the power grid: The car sharing case}},
    year = {2016},
    booktitle = {2016 IEEE 2nd International Forum on Research and Technologies for Society and Industry Leveraging a Better Tomorrow, RTSI 2016},
    author = {Biondi, E. and Boldrini, C. and Bruno, R.},
    pages = {},
    isbn = {9781509011315},
    doi = {10.1109/RTSI.2016.7740570}
}

@inproceedings{Biondi2016TheCaseb,
    title = {{The impact of regulated electric fleets on the power grid: The car sharing case}},
    year = {2016},
    booktitle = {2016 IEEE 2nd International Forum on Research and Technologies for Society and Industry Leveraging a Better Tomorrow, RTSI 2016},
    author = {Biondi, Elisabetta and Boldrini, Chiara and Bruno, Raffaele},
    month = {11},
    publisher = {Institute of Electrical and Electronics Engineers Inc.},
    isbn = {9781509011315},
    doi = {10.1109/RTSI.2016.7740570},
    keywords = {car sharing, charging policy, infrastructure planning, mobility dataset, power sharing}
}

@article{Fraccascia2019TheApproach,
    title = {{The impact of technical and economic disruptions in industrial symbiosis relationships: An enterprise input-output approach}},
    year = {2019},
    journal = {International Journal of Production Economics},
    author = {Fraccascia, L},
    pages = {161--174},
    volume = {213},
    url = {https://www.scopus.com/inward/record.uri?eid=2-s2.0-85063586814&doi=10.1016%2fj.ijpe.2019.03.020&partnerID=40&md5=fb5f1e7549206cb0d5b61dd8d938607d},
    doi = {10.1016/j.ijpe.2019.03.020}
}

@misc{Thornton2009TheKnow,
    title = {{The impacts of climate change on livestock and livestock systems in developing countries: A review of what we know and what we need to know}},
    year = {2009},
    booktitle = {Agricultural Systems},
    author = {Thornton, P. K. and van de Steeg, J. and Notenbaert, A. and Herrero, M.},
    number = {3},
    month = {7},
    pages = {113--127},
    volume = {101},
    doi = {10.1016/j.agsy.2009.05.002},
    issn = {0308521X},
    keywords = {Climate change, Development, Impact, Livestock, Poverty, Research, Systems}
}

@article{vanCapelleveen2018TheMarkets,
    title = {{The influence of knowledge in the design of a recommender system to facilitate industrial symbiosis markets}},
    year = {2018},
    journal = {Environmental Modelling and Software},
    author = {van Capelleveen, G and Amrit, C and Yazan, D M and Zijm, H},
    pages = {139--152},
    url = {https://www.scopus.com/inward/record.uri?eid=2-s2.0-85046824110&doi=10.1016%2fj.envsoft.2018.04.004&partnerID=40&md5=2dab766b2493a9bc7e54e89edcfa3155},
    doi = {10.1016/j.envsoft.2018.04.004}
}

@book{Ridley2012TheStudents,
    title = {{The literature review: A step-by-step guide for students}},
    year = {2012},
    author = {Ridley, Diana},
    publisher = {Sage},
    isbn = {1446268047}
}

@article{Association2017TheBurner,
    title = {{The natural gas industry: From the wellhead to the burner}},
    year = {2017},
    journal = {Florence School of Regulation RESIDENTIAL AND E-LEARNING COURSE on REGULATION OF ENERGY UTILITIES 2017},
    author = {Association), NGSA (The Natural Gas Supply and Development), UNCTAD (United Nations on Trade and}
}

@article{Verhulst2010TheAttitudes,
    title = {{The nature of the relationship between personality traits and political attitudes}},
    year = {2010},
    journal = {Personality and Individual Differences},
    author = {Verhulst, Brad and Hatemi, Peter K and Martin, Nicholas G},
    chapter = {306},
    number = {4},
    pages = {306--316},
    volume = {49},
    doi = {10.1016/j.paid.2009.11.013},
    issn = {01918869}
}

@article{Halverson2007TheSchool,
    title = {{The New Instructional Leadership: Creating Data-Driven Instructional Systems in School}},
    year = {2007},
    journal = {Journal of School Leadership},
    author = {Halverson, Richard and Grigg, Jeffrey and Prichett, Reid and Thomas, Chris},
    number = {2},
    month = {3},
    pages = {159--194},
    volume = {17},
    url = {http://journals.sagepub.com/doi/full/10.1177/105268460701700202},
    doi = {10.1177/105268460701700202},
    issn = {1052-6846}
}

@article{Fox1994TheDimensions,
    title = {{The notion of data and its quality dimensions}},
    year = {1994},
    journal = {Information Processing and Management},
    author = {Fox, Christopher and Levitin, Anany and Redman, Thomas},
    number = {1},
    pages = {9--19},
    volume = {30},
    doi = {10.1016/0306-4573(94)90020-5},
    issn = {03064573}
}

@book{Kauffman1993THEEvolution,
    title = {{THE ORIGINS OF ORDER Self-Organization and Selection in Evolution}},
    year = {1993},
    author = {Kauffman, Stuart A},
    publisher = {Oxford},
    address = {New York},
    isbn = {0195058119}
}

@techreport{ClimateFocus2015TheSummary,
    title = {{The Paris Agreement Summary}},
    year = {2015},
    author = {{Climate Focus}},
    url = {https://www.climatefocus.com/sites/default/files/20151228%20COP%2021%20briefing%20FIN.pdf},
    institution = {Climate Focus}
}

@book{Martin2010TheLandscape,
    title = {{The place of path dependence in an evolutionary perspective on the economic landscape}},
    year = {2010},
    author = {Martin, Ron and Sunley, Peter},
    publisher = {Journal of Economic Geography},
    url = {https://www.researchgate.net/publication/228681600_The_place_of_path_dependence_in_an_evolutionary_perspective_on_the_economic_landscape}
}

@article{Lasswell1951TheOrientation,
    title = {{The policy orientation}},
    year = {1951},
    journal = {Communication Researchers and Policy–Making},
    author = {Lasswell, Harold and Lerner, D}
}

@article{Hawkins2009ThePredictions,
    title = {{The potential to narrow uncertainty in regional climate predictions}},
    year = {2009},
    journal = {Bulletin of the American Meteorological Society},
    author = {Hawkins, Ed and Sutton, Rowan},
    number = {8},
    pages = {1095--1107},
    volume = {90},
    doi = {10.1175/2009BAMS2607.1},
    issn = {00030007}
}

@inproceedings{Brynjolfsson2016TheDecision-making,
    title = {{The rapid adoption of data-driven decision-making}},
    year = {2016},
    booktitle = {American Economic Review},
    author = {Brynjolfsson, Erik and McElheran, Kristina},
    number = {5},
    month = {5},
    pages = {133--139},
    volume = {106},
    publisher = {American Economic Association},
    doi = {10.1257/aer.p20161016},
    issn = {00028282}
}

@article{McCarthy1982TheEnvironment,
    title = {{The REA accounting model: A generalized framework for accounting systems in a shared data environment}},
    year = {1982},
    journal = {Accounting review},
    author = {McCarthy, William E},
    pages = {554--578},
    publisher = {JSTOR},
    issn = {0001-4826}
}

@article{Dundon2015TheRegulators,
    title = {{The real value of FracFocus as a regulatory tool: A national survey of state regulators}},
    year = {2015},
    journal = {Energy Policy},
    author = {Dundon, L.A. and Abkowitz, M. and Camp, J.},
    pages = {496--504},
    volume = {87},
    doi = {10.1016/j.enpol.2015.09.031}
}

@article{Dundon2015TheRegulatorsb,
    title = {{The real value of FracFocus as a regulatory tool: A national survey of state regulators}},
    year = {2015},
    journal = {Energy Policy},
    author = {Dundon, Leah A. and Abkowitz, Mark and Camp, Janey},
    month = {12},
    pages = {496--504},
    volume = {87},
    publisher = {Elsevier Ltd},
    doi = {10.1016/j.enpol.2015.09.031},
    issn = {03014215},
    keywords = {Chemical disclosure, FracFocus.org, Fracing, Hydraulic fracturing, Shale gas, State regulation}
}

@article{Wahyuni2012TheMethodologies,
    title = {{The research design maze: Understanding paradigms, cases, methods and methodologies}},
    year = {2012},
    journal = {Journal of applied management accounting research},
    author = {Wahyuni, Dina},
    number = {1},
    pages = {69--80},
    volume = {10}
}

@book{Domenech2011TheNetworks,
    title = {{The Role of Embeddedness in Industrial Symbiosis Networks: Phases in the Evolution of Industrial Symbiosis Networks}},
    year = {2011},
    author = {Domenech, Teresa and Davies, Michael},
    pages = {281},
    volume = {20},
    publisher = {Wiley Online Library},
    doi = {https://doi.org/10.1002/bse.695}
}

@article{Jensen2016TheSymbiosis,
    title = {{The role of geospatial industrial diversity in the facilitation of regional industrial symbiosis}},
    year = {2016},
    journal = {Resources, Conservation and Recycling},
    author = {Jensen, P D},
    pages = {92--103},
    volume = {107},
    url = {https://www.scopus.com/inward/record.uri?eid=2-s2.0-84953221615&doi=10.1016%2fj.resconrec.2015.11.018&partnerID=40&md5=323ce8baafa9d16c3ea6f63bcf8462e0},
    doi = {10.1016/j.resconrec.2015.11.018}
}

@article{Orlando2019TheRegions,
    title = {{The role of public mass catering in local foodshed governance toward self-reliance of Metropolitan regions}},
    year = {2019},
    journal = {Sustainable Cities and Society},
    author = {Orlando, F. and Spigarolo, R. and Alali, S. and Bocchi, S.},
    pages = {152--162},
    volume = {44},
    doi = {10.1016/j.scs.2018.10.013}
}

@article{Orlando2019TheRegionsb,
    title = {{The role of public mass catering in local foodshed governance toward self-reliance of Metropolitan regions}},
    year = {2019},
    journal = {Sustainable Cities and Society},
    author = {Orlando, Francesca and Spigarolo, Roberto and Alali, Sumer and Bocchi, Stefano},
    month = {1},
    pages = {152--162},
    volume = {44},
    publisher = {Elsevier Ltd},
    doi = {10.1016/j.scs.2018.10.013},
    issn = {22106707},
    keywords = {Food self-sufficiency, Food system designing, Mapping foodshed, Public procurement}
}

@article{Ajzen2011TheReflections,
    title = {{The theory of planned behaviour: reactions and reflections}},
    year = {2011},
    journal = {Psychol Health},
    author = {Ajzen, Icek},
    edition = {2011/09/21},
    number = {9},
    pages = {1113--1127},
    volume = {26},
    url = {https://www.ncbi.nlm.nih.gov/pubmed/21929476},
    doi = {10.1080/08870446.2011.613995},
    issn = {1476-8321 (Electronic)0887-0446 (Linking)},
    pmid = {21929476},
    keywords = {*Behavior, *Decision Making, *Intention, *Motivation, *Psychological Theory, Character, Emotions, Habits, Humans, Individuality, Internal-External Control, Problem Solving, Social Conformity}
}

@techreport{Petersen2009TheDevelopment,
    title = {{The Waterfall Model in Large-Scale Development}},
    year = {2009},
    author = {Petersen, Kai and Wohlin, Claes and Baca, Dejan}
}

@book{Dobusch2012TheorizingOrganizations,
    title = {{Theorizing Path Dependence: A Review of Positive Feedback Mechanisms in Technology Markets, Regional Clusters, and Organizations}},
    year = {2012},
    author = {Dobusch, Leonhard and Sch{\"{u}}{\ss}ler, Elke},
    volume = {22},
    publisher = {Industrial and Corporate Change},
    url = {https://www.researchgate.net/publication/255967929_Theorizing_Path_Dependence_A_Review_of_Positive_Feedback_Mechanisms_in_Technology_Markets_Regional_Clusters_and_Organizations},
    doi = {10.1093/icc/dts029}
}

@article{Head2008ThreePolicy,
    title = {{Three lenses of evidence‐based policy}},
    year = {2008},
    journal = {Australian Journal of Public Administration},
    author = {Head, Brian W},
    number = {1},
    pages = {1--11},
    volume = {67},
    publisher = {Wiley Online Library},
    issn = {0313-6647}
}

@article{Thellmann2018TippingAsia,
    title = {{Tipping points in the supply of ecosystem services of a mountainous watershed in Southeast Asia}},
    year = {2018},
    journal = {Sustainability (Switzerland)},
    author = {Thellmann, Kevin and Cotter, Marc and Baumgartner, Sabine and Treydte, Anna and Cadisch, Georg and Asch, Folkard},
    number = {7},
    month = {7},
    volume = {10},
    publisher = {MDPI AG},
    doi = {10.3390/su10072418},
    issn = {20711050},
    keywords = {Ecosystem services, InVEST, Regime shift, Rubber, Scenario modeling, Southeast Asia, Tipping point}
}

@article{SarahL.StattmanLenaPartzschandPeterOosterveer2018TowardGovernance,
    title = {{Toward Sustainable Biofuels in the European Union? Lessons from a Decade of Hybrid Biofuel Governance}},
    year = {2018},
    journal = {MDPI},
    author = {Sarah L. Stattman Lena Partzsch and Peter Oosterveer, Aarti Gupta},
    number = {4111},
    volume = {10},
    doi = {doi:10.3390/su10114111}
}

@article{Kruyen2018TowardsApproach,
    title = {{Towards a competence profile of municipal officials in the context of data-driven decision-making: a grounded theory approach}},
    year = {2018},
    journal = {Faculty of Management Sciences Radboud University},
    author = {Kruyen, P M}
}

@article{Bukhsh2018TowardsGrid,
    title = {{Towards fast response, reduced processing and balanced load in fog-based data-driven smart grid}},
    year = {2018},
    journal = {Energies},
    author = {Bukhsh, R. and Javaid, N. and Ali Khan, Z. and Ishmanov, F. and Afzal, M.K. and Wadud, Z.},
    number = {12},
    pages = {},
    volume = {11},
    doi = {10.3390/en11123345}
}

@article{Bukhsh2018TowardsGridb,
    title = {{Towards fast response, reduced processing and balanced load in fog-based data-driven smart grid}},
    year = {2018},
    journal = {Energies},
    author = {Bukhsh, Rasool and Javaid, Nadeem and Ali Khan, Zahoor and Ishmanov, Farruh and Afzal, Muhammad Khalil and Wadud, Zahid},
    number = {12},
    month = {12},
    volume = {11},
    publisher = {MDPI AG},
    doi = {10.3390/en11123345},
    issn = {19961073},
    keywords = {Cloud-fog based smart grid, Data-driven smart grid, Demand side, Energy management, Microgrid, Processing time, Recurring cost, Residential buildings, Resource allocation, Response time}
}

@article{Contreras-Ocana2018TractableData,
    title = {{Tractable and Robust Modeling of Building Flexibility Using Coarse Data}},
    year = {2018},
    journal = {IEEE Transactions on Power Systems},
    author = {Contreras-Ocana, J.E. and Ortega-Vazquez, M.A. and Kirschen, D. and Zhang, B.},
    number = {5},
    pages = {5456--5468},
    volume = {33},
    doi = {10.1109/TPWRS.2018.2808223}
}

@article{Contreras-Ocana2018TractableDatab,
    title = {{Tractable and Robust Modeling of Building Flexibility Using Coarse Data}},
    year = {2018},
    journal = {IEEE Transactions on Power Systems},
    author = {Contreras-Ocana, Jesus E. and Ortega-Vazquez, Miguel A. and Kirschen, Daniel and Zhang, Baosen},
    number = {5},
    month = {9},
    pages = {5456--5468},
    volume = {33},
    publisher = {Institute of Electrical and Electronics Engineers Inc.},
    doi = {10.1109/TPWRS.2018.2808223},
    issn = {08858950},
    arxivId = {1802.06165},
    keywords = {Buildings, data-driven modeling, flexibility}
}

@misc{Rotmans2001TransitionsSupply,
    title = {{Transitions {\&} transition management: the case for a low emission energy supply}},
    year = {2001},
    author = {Rotmans, J. and Kemp, R. and M. Asselt, van and Geels, F.W. and Verbong, G.P.J. and Molendijk, K. and P. Notten, van},
    publisher = {ICIS}
}

@misc{CBS2019TrendEnerg,
    title = {{Trend in the Netherlands 2018: Economy Figures - Energ}},
    year = {2019},
    booktitle = {longreads.cbs.nl/},
    author = {{CBS}},
    url = {https://longreads.cbs.nl/trends18-eng/economy/figures/energy/}
}

@article{Port-of-Rotterdam-Authority2016TurnoverDevelopment,
    title = {{Turnover Port of Rotterdam Authority increases, sound profit development}},
    year = {2016},
    journal = {Port of Rotterdam},
    author = {{Port-of-Rotterdam-Authority}},
    url = {https://www.portofrotterdam.com/en/news-and-press-releases/turnover-port-of-rotterdam-authority-increases-sound-profit-development}
}

@article{Geels2007TypologyPathways,
    title = {{Typology of sociotechnical transition pathways}},
    year = {2007},
    journal = {Research Policy},
    author = {Geels, Frank W and Schot, Johan},
    pages = {399--417},
    volume = {36},
    keywords = {Multi-level perspective, Sociotechnical regime, Transition pathways}
}

@article{Ibrahim2020UnderstandingAnalytics,
    title = {{Understanding cities with machine eyes: A review of deep computer vision in urban analytics}},
    year = {2020},
    journal = {Cities},
    author = {Ibrahim, Mohamed R and Haworth, James and Cheng, Tao},
    pages = {102481},
    volume = {96},
    publisher = {Elsevier},
    issn = {0264-2751}
}

@article{Power2008UnderstandingSystems,
    title = {{Understanding data-driven decision support systems}},
    year = {2008},
    journal = {Information Systems Management},
    author = {Power, Daniel J.},
    number = {2},
    month = {3},
    pages = {149--154},
    volume = {25},
    doi = {10.1080/10580530801941124},
    issn = {10580530},
    keywords = {DSS framework, Decision support, Systems features}
}

@article{Correlje2014UnderstandingUnion,
    title = {{Understanding institutional change: the development of institutions for the regulation of the natural gas supply systems in the United States and the European Union}},
    year = {2014},
    journal = {Competition and Regulation in Network Industries},
    author = {Correlje, Aad and Groenleer, Martijn and Veldman, Jasper},
    chapter = {2},
    number = {1},
    pages = {2--31},
    volume = {15}
}

@article{Chen2015UsingPotential,
    title = {{Using an Industrial Waste Account to Facilitate National Level Industrial Symbioses by Uncovering the Waste Exchange Potential}},
    year = {2015},
    journal = {Journal of Industrial Ecology},
    author = {Chen, P C and Ma, H W},
    number = {6},
    pages = {950--962},
    volume = {19},
    url = {https://www.scopus.com/inward/record.uri?eid=2-s2.0-84951569776&doi=10.1111%2fjiec.12236&partnerID=40&md5=8d835b3eadc083a952408ed8388234ea},
    doi = {10.1111/jiec.12236}
}

@article{Boulkedid2011UsingReview,
    title = {{Using and Reporting the Delphi Method for Selecting Healthcare Quality Indicators: A Systematic Review}},
    year = {2011},
    journal = {PloS one},
    author = {Boulkedid, Rym and Abdoul, Hendy and Loustau, Marine and Sibony, Olivier and Alberti, Corinne},
    month = {6},
    pages = {e20476},
    volume = {6},
    doi = {10.1371/journal.pone.0020476}
}

@techreport{Cockburn1998UsingDevelopment,
    title = {{Using Both Incremental and Iterative Development}},
    year = {1998},
    author = {Cockburn, Alistair}
}

@article{Rowley2002UsingResearch,
    title = {{Using case studies in research}},
    year = {2002},
    journal = {Management research news},
    author = {Rowley, Jennifer},
    publisher = {MCB UP Ltd}
}

@techreport{Hable2019ValueMunicipalities,
    title = {{Value Drivers and Inhibitors in Municipal Open Government Data Ecosystems an in-depth analysis of stakeholder perceptions on values, barriers and success factors in open government data initiatives in Dutch municipalities}},
    year = {2019},
    author = {Habl{\'{e}}, Jesse Johannes},
    url = {https://repository.tudelft.nl/islandora/object/uuid%3A1347feeb-dce7-44c7-b8b7-3f58f2dd254b?collection=education},
    institution = {TU Delft Repository}
}

@article{Allison2009VulnerabilityFisheries,
    title = {{Vulnerability of national economies to the impacts of climate change on fisheries}},
    year = {2009},
    journal = {Fish and Fisheries},
    author = {Allison, Edward H. and Perry, Allison L. and Badjeck, Marie Caroline and Neil Adger, W. and Brown, Katrina and Conway, Declan and Halls, Ashley S. and Pilling, Graham M. and Reynolds, John D. and Andrew, Neil L. and Dulvy, Nicholas K.},
    number = {2},
    month = {6},
    pages = {173--196},
    volume = {10},
    doi = {10.1111/j.1467-2979.2008.00310.x},
    issn = {14672960},
    keywords = {Adaptation, Climate change, Fisheries, Poverty, Vulnerability}
}

@article{Hasson2019WaterTargets,
    title = {{Water availability in Pakistan from Hindukush–Karakoram–Himalayan watersheds at 1.5 {${}^\circ$}C and 2 {${}^\circ$}C Paris Agreement targets}},
    year = {2019},
    journal = {Advances in Water Resources},
    author = {Hasson, Shabeh ul and Saeed, F. and B{\"{o}}hner, Jürgen and Schleussner, Carl Friedrich},
    month = {9},
    volume = {131},
    publisher = {Elsevier Ltd},
    doi = {10.1016/j.advwatres.2019.06.010},
    issn = {03091708},
    keywords = {Himalayan watersheds, Jhelum, Kabul, Paris Agreement, UIB, Water availability}
}

@misc{Alfano2019WhosQPPs,
    title = {{Who’s down with QPPs?}},
    year = {2019},
    booktitle = {Dailynous},
    author = {Alfano, Mark},
    url = {http://dailynous.com/2019/02/11/whos-qpps-questionable-publication-practices-guest-post-mark-alfano/}
}

@article{Stephen2012WillReduction,
    title = {{Will second-generation bioethanol be able to compete with first generation ethanol? Opportunities for cost reduction}},
    year = {2012},
    journal = {Biofuels},
    author = {Stephen, J D and Mabee, W E and Saddler, J N},
    number = {Bioref 6},
    pages = {59--176},
    volume = {Bioprod}
}

@article{Baumeister1997WritingReviews,
    title = {{Writing narrative literature reviews}},
    year = {1997},
    journal = {Review of general psychology},
    author = {Baumeister, Roy F and Leary, Mark R},
    number = {3},
    pages = {311--320},
    volume = {1},
    publisher = {SAGE Publications Sage CA: Los Angeles, CA},
    issn = {1089-2680}
}

@article{Chertow2007UncoveringSymbiosis,
    title = {{“Uncovering” Industrial Symbiosis}},
    year = {2007},
    journal = {Journal of Industrial Ecology},
    author = {Chertow, Marian R},
    number = {1},
    pages = {11--30},
    volume = {11},
    url = {https://onlinelibrary.wiley.com/doi/abs/10.1162/jiec.2007.1110},
    doi = {10.1162/jiec.2007.1110},
    keywords = {by-product synergy, eco-industrial development, eco-industrial parks, industrial ecology, industrial ecosystems, industrial symbiosis}
}